<?xml version='1.0' encoding='UTF-8'?>
<collection xmlns='http://www.loc.gov/MARC21/slim' xmlns:xsi='http://www.w3.org/2001/XMLSchema-instance' xsi:schemaLocation='http://www.loc.gov/MARC21/slim http://www.loc.gov/standards/marcxml/schema/MARC21slim.xsd'>
<record xmlns='http://www.loc.gov/MARC21/slim'><leader>02036ngm a22005053a 4500</leader><controlfield tag='005'>20180315190613.0</controlfield><controlfield tag='006'>m|||||o||c||||||||</controlfield><controlfield tag='007'>cr |za|||||||a</controlfield><controlfield tag='007'>vz||zazu|</controlfield><controlfield tag='008'>140221s2009    enk039 g      o   vleng d</controlfield><controlfield tag='001'>991019977549703811</controlfield><datafield ind1=' ' ind2=' ' tag='035'><subfield code='a'>(PPT)b60746269-01tuli_inst</subfield></datafield><datafield ind1=' ' ind2=' ' tag='035'><subfield code='a'>(VaAIASP)ASP2311457/clmv</subfield><subfield code='9'>ExL</subfield></datafield><datafield ind1=' ' ind2=' ' tag='035'><subfield code='a'>(OCoLC)877884990</subfield></datafield><datafield ind1=' ' ind2=' ' tag='040'><subfield code='a'>VaAlASP</subfield><subfield code='c'>VaAlASP</subfield></datafield><datafield ind1='1' ind2=' ' tag='100'><subfield code='a'>Beethoven, Ludwig van,</subfield><subfield code='d'>1770-1827.</subfield></datafield><datafield ind1='1' ind2='0' tag='240'><subfield code='a'>Quartets,</subfield><subfield code='m'>strings,</subfield><subfield code='n'>no. 14, op. 131,</subfield><subfield code='r'>C♯ minor</subfield></datafield><datafield ind1='1' ind2='0' tag='245'><subfield code='a'>Op. 131 in C sharp minor</subfield><subfield code='h'>[electronic resource] /</subfield><subfield code='c'>Ludwig van Beethoven.</subfield></datafield><datafield ind1=' ' ind2=' ' tag='260'><subfield code='a'>Monmouth, England :</subfield><subfield code='b'>Nimbus,</subfield><subfield code='c'>2009.</subfield></datafield><datafield ind1=' ' ind2=' ' tag='300'><subfield code='a'>1 online resource (39 min.).</subfield></datafield><datafield ind1=' ' ind2=' ' tag='306'><subfield code='a'>003911</subfield></datafield><datafield ind1='0' ind2=' ' tag='490'><subfield code='a'>Classical music in video</subfield></datafield><datafield ind1=' ' ind2=' ' tag='500'><subfield code='a'>Title from resource description page (viewed Feb. 21, 2014).</subfield></datafield><datafield ind1=' ' ind2=' ' tag='518'><subfield code='o'>Recorded</subfield><subfield code='d'>2008</subfield><subfield code='p'>Convent of St. Agnes.</subfield></datafield><datafield ind1=' ' ind2=' ' tag='530'><subfield code='a'>Previously released as DVD.</subfield></datafield><datafield ind1=' ' ind2=' ' tag='533'><subfield code='a'>Electronic reproduction.</subfield><subfield code='b'>Alexandria, VA :</subfield><subfield code='c'>Alexander Street Press,</subfield><subfield code='d'>2014.</subfield><subfield code='f'>(Classical music in video).</subfield><subfield code='n'>Available via World Wide Web.</subfield></datafield><datafield ind1=' ' ind2=' ' tag='546'><subfield code='a'>This edition in English.</subfield></datafield><datafield ind1=' ' ind2=' ' tag='590'><subfield code='a'>Access is available to the Temple Community through use of a networked computer with a Temple IP address.</subfield></datafield><datafield ind1=' ' ind2='0' tag='650'><subfield code='a'>String quartets.</subfield></datafield><datafield ind1='1' ind2=' ' tag='700'><subfield code='a'>Čepický, Leos.</subfield><subfield code='4'>prf</subfield></datafield><datafield ind1='1' ind2=' ' tag='700'><subfield code='a'>Kaspřík, Aleš.</subfield><subfield code='4'>prf</subfield></datafield><datafield ind1='1' ind2=' ' tag='700'><subfield code='a'>Rybář, Jaroslav,</subfield><subfield code='d'>1942-</subfield><subfield code='4'>pro</subfield></datafield><datafield ind1='1' ind2=' ' tag='700'><subfield code='a'>Schulmeister, Jan.</subfield><subfield code='4'>prf</subfield></datafield><datafield ind1='1' ind2=' ' tag='700'><subfield code='a'>Žigmund, Jiří.</subfield><subfield code='4'>prf</subfield></datafield><datafield ind1='2' ind2=' ' tag='710'><subfield code='a'>Wihan Quartet.</subfield><subfield code='4'>prf</subfield></datafield><datafield ind1='2' ind2=' ' tag='710'><subfield code='a'>Alexander Street Press.</subfield></datafield><datafield ind1='0' ind2=' ' tag='773'><subfield code='t'>Wihan Quartet: Beethoven String Quartets Live</subfield></datafield><datafield ind1='0' ind2=' ' tag='776'><subfield code='c'>Original publisher catalog number</subfield><subfield code='o'>NI 6107</subfield></datafield><datafield ind1='4' ind2='0' tag='856'><subfield code='z'>Access electronic resource.</subfield><subfield code='u'>http://libproxy.temple.edu/login?url=http://www.aspresolver.com/aspresolver.asp?CLMV;2311457</subfield></datafield><datafield ind1=' ' ind2=' ' tag='902'><subfield code='a'>160208</subfield></datafield><datafield ind1=' ' ind2=' ' tag='902'><subfield code='a'>Classical Music in Video 2016-02-03</subfield></datafield><datafield ind1=' ' ind2=' ' tag='907'><subfield code='a'>.b60746269</subfield><subfield code='b'>w    </subfield><subfield code='c'>-</subfield></datafield><datafield ind1=' ' ind2=' ' tag='910'><subfield code='a'>AL 2014-05-01</subfield></datafield><datafield ind1=' ' ind2=' ' tag='945'><subfield code='l'>w    </subfield><subfield code='g'>1</subfield></datafield><datafield ind1=' ' ind2=' ' tag='998'><subfield code='b'>1</subfield><subfield code='c'>160206</subfield><subfield code='d'>m</subfield><subfield code='e'>2</subfield><subfield code='f'>-</subfield><subfield code='g'>0</subfield></datafield><datafield ind1=' ' ind2=' ' tag='ADM'><subfield code='b'>2018-03-15 23:06:13</subfield><subfield code='e'>b60746269-01tuli_inst</subfield><subfield code='d'>ILS</subfield><subfield code='a'>2017-06-20 07:43:42</subfield><subfield code='c'>false</subfield></datafield><datafield ind1=' ' ind2=' ' tag='PRT'><subfield code='a'>53382604260003811</subfield><subfield code='b'>https://sandbox01-na.alma.exlibrisgroup.com/view/uresolver/01TULI_INST/openurl?u.ignore_date_coverage=true&amp;rft.mms_id=991019977549703811</subfield><subfield code='f'>Access electronic resource.</subfield><subfield code='9'>Available</subfield><subfield code='d'>MAIN</subfield><subfield code='c'>Music Online: Classical Music in Video</subfield><subfield code='8'>53382604260003811</subfield></datafield></record>