
<record xmlns='http://www.loc.gov/MARC21/slim'><leader>02449cjm a22005291i 4500</leader><controlfield tag='005'>20180315155638.0</controlfield><controlfield tag='006'>m||||||||h||||||||</controlfield><controlfield tag='007'>sz z|nnnnnzned</controlfield><controlfield tag='007'>cr||na---||a|a</controlfield><controlfield tag='008'>931115p19931992enkcon||si||||||||||zxx|d</controlfield><controlfield tag='001'>991001795629703811</controlfield><datafield ind1=' ' ind2=' ' tag='010'><subfield code='a'>99586584</subfield></datafield><datafield ind1='1' ind2=' ' tag='024'><subfield code='a'>034571166407</subfield></datafield><datafield ind1='0' ind2='2' tag='028'><subfield code='a'>CDA66640</subfield><subfield code='b'>Hyperion</subfield></datafield><datafield ind1='1' ind2='0' tag='033'><subfield code='a'>19921025</subfield><subfield code='a'>19921026</subfield><subfield code='b'>5754</subfield><subfield code='c'>H8</subfield></datafield><datafield ind1=' ' ind2=' ' tag='035'><subfield code='a'>(PPT)b42882059-01tuli_inst</subfield></datafield><datafield ind1=' ' ind2=' ' tag='035'><subfield code='a'>(VaAlASP)ASP379802/clmu</subfield><subfield code='9'>ExL</subfield></datafield><datafield ind1=' ' ind2=' ' tag='035'><subfield code='a'>(OCoLC)ocm29329729</subfield></datafield><datafield ind1=' ' ind2=' ' tag='040'><subfield code='a'>DLC</subfield><subfield code='c'>IArlh</subfield><subfield code='d'>OO</subfield><subfield code='d'>DLC</subfield><subfield code='d'>VaAlASP</subfield></datafield><datafield ind1='0' ind2=' ' tag='041'><subfield code='g'>eng</subfield><subfield code='g'>fre</subfield><subfield code='g'>ger</subfield></datafield><datafield ind1=' ' ind2=' ' tag='090'><subfield code='a'>SDA 87068</subfield></datafield><datafield ind1='1' ind2=' ' tag='100'><subfield code='a'>Rimsky-Korsakov, Nikolay,</subfield><subfield code='d'>1844-1908.</subfield></datafield><datafield ind1='1' ind2='0' tag='240'><subfield code='a'>Concertos,</subfield><subfield code='m'>piano, orchestra,</subfield><subfield code='n'>op. 30,</subfield><subfield code='r'>C# minor</subfield></datafield><datafield ind1='1' ind2='0' tag='245'><subfield code='a'>Piano concerto in C sharp minor, op 30</subfield><subfield code='h'>[electronic resource] /</subfield><subfield code='c'>Rimsky-Korsakov. Piano concerto no 1 in F# minor, op 1 ; Piano concerto no 2 in E#, op. posth. / Balakirev.</subfield></datafield><datafield ind1=' ' ind2=' ' tag='260'><subfield code='a'>London :</subfield><subfield code='b'>Hyperion,</subfield><subfield code='c'>p1993.</subfield></datafield><datafield ind1=' ' ind2=' ' tag='300'><subfield code='a'>streaming sound files.</subfield></datafield><datafield ind1=' ' ind2='4' tag='440'><subfield code='a'>The romantic piano concerto ;</subfield><subfield code='v'>5</subfield></datafield><datafield ind1=' ' ind2=' ' tag='500'><subfield code='a'>Originally issued as a compact disc.</subfield></datafield><datafield ind1=' ' ind2=' ' tag='500'><subfield code='a'>Program notes by Edward Garden in English with French and German translations (11 p.) inserted in container.</subfield></datafield><datafield ind1='0' ind2=' ' tag='511'><subfield code='a'>Malcolm Binns, piano ; English Northern Philharmonia ; David Lloyd-Jones, conductor.</subfield></datafield><datafield ind1=' ' ind2=' ' tag='518'><subfield code='a'>Recorded Oct. 25-26, 1992, in Huddersfield Town Hall.</subfield></datafield><datafield ind1=' ' ind2=' ' tag='533'><subfield code='a'>Electronic reproduction.</subfield><subfield code='b'>Alexandria, VA :</subfield><subfield code='c'>Alexander Street Press,</subfield><subfield code='d'>2009.</subfield><subfield code='f'>(Classical music library),</subfield><subfield code='n'>Available via World Wide Web.</subfield></datafield><datafield ind1=' ' ind2=' ' tag='590'><subfield code='a'>Access is available to the Temple Community through use of a networked computer with a Temple IP address.</subfield></datafield><datafield ind1=' ' ind2='0' tag='650'><subfield code='a'>Concertos (Piano)</subfield></datafield><datafield ind1=' ' ind2='0' tag='650'><subfield code='a'>Piano with orchestra.</subfield></datafield><datafield ind1='1' ind2=' ' tag='700'><subfield code='a'>Binns, Malcolm.</subfield><subfield code='4'>itr</subfield></datafield><datafield ind1='1' ind2=' ' tag='700'><subfield code='a'>Lloyd-Jones, David.</subfield><subfield code='4'>cnd</subfield></datafield><datafield ind1='1' ind2='2' tag='700'><subfield code='a'>Balakirev, Miliĭ Alekseevich,</subfield><subfield code='d'>1837-1910.</subfield><subfield code='t'>Concertos,</subfield><subfield code='m'>piano, orchestra,</subfield><subfield code='n'>no. 1, op. 1,</subfield><subfield code='r'>F# minor.</subfield></datafield><datafield ind1='1' ind2='2' tag='700'><subfield code='a'>Balakirev, Miliĭ Alekseevich,</subfield><subfield code='d'>1837-1910.</subfield><subfield code='t'>Concertos,</subfield><subfield code='m'>piano, orchestra,</subfield><subfield code='n'>no. 2, op. posth,</subfield><subfield code='r'>E♭ major.</subfield></datafield><datafield ind1='2' ind2=' ' tag='710'><subfield code='a'>English Northern Philharmonia.</subfield><subfield code='4'>prf</subfield></datafield><datafield ind1='2' ind2=' ' tag='710'><subfield code='a'>Alexander Street Press.</subfield></datafield><datafield ind1='1' ind2=' ' tag='776'><subfield code='c'>Original</subfield><subfield code='w'>(DLC)   99586584</subfield></datafield><datafield ind1=' ' ind2='0' tag='830'><subfield code='a'>Classical music library.</subfield></datafield><datafield ind1='4' ind2='0' tag='856'><subfield code='z'>Access electronic resource.</subfield><subfield code='u'>http://libproxy.temple.edu/login?url=http://www.aspresolver.com/aspresolver.asp?CLMU;379802</subfield></datafield><datafield ind1=' ' ind2=' ' tag='907'><subfield code='a'>.b42882059</subfield><subfield code='b'>w    </subfield><subfield code='c'>-</subfield></datafield><datafield ind1=' ' ind2=' ' tag='945'><subfield code='l'>w    </subfield><subfield code='g'>1</subfield></datafield><datafield ind1=' ' ind2=' ' tag='998'><subfield code='b'>1</subfield><subfield code='c'>100418</subfield><subfield code='d'>m</subfield><subfield code='e'>j</subfield><subfield code='f'>-</subfield><subfield code='g'>0</subfield></datafield><datafield ind1=' ' ind2=' ' tag='ADM'><subfield code='b'>2018-03-15 19:56:38</subfield><subfield code='e'>b42882059-01tuli_inst</subfield><subfield code='d'>ILS</subfield><subfield code='a'>2017-06-20 07:18:09</subfield><subfield code='c'>false</subfield></datafield><datafield ind1=' ' ind2=' ' tag='PRT'><subfield code='a'>53370715130003811</subfield><subfield code='b'>https://sandbox01-na.alma.exlibrisgroup.com/view/uresolver/01TULI_INST/openurl?u.ignore_date_coverage=true&amp;rft.mms_id=991001795629703811</subfield><subfield code='f'>Access electronic resource.</subfield><subfield code='9'>Available</subfield><subfield code='d'>MAIN</subfield><subfield code='c'>Music Online: Classical Music Library</subfield><subfield code='8'>53370715130003811</subfield></datafield></record>