
<record xmlns='http://www.loc.gov/MARC21/slim'><leader>01427njm a22003373i 4500</leader><controlfield tag='005'>20090716161131.0</controlfield><controlfield tag='006'>m||||||||h||||||||</controlfield><controlfield tag='007'>sz z|nnnnnzned</controlfield><controlfield tag='007'>cr||na---||a|a</controlfield><controlfield tag='008'>080405s1996    xx |||||s|||||||||||   |d</controlfield><controlfield tag='001'>991001879639703811</controlfield><datafield ind1=' ' ind2=' ' tag='035'><subfield code='a'>(PPT)b42898602-01tuli_inst</subfield></datafield><datafield ind1=' ' ind2=' ' tag='035'><subfield code='a'>(VaAlASP)ASP378430/clmu</subfield><subfield code='9'>ExL</subfield></datafield><datafield ind1=' ' ind2=' ' tag='040'><subfield code='a'>VaAlASP</subfield><subfield code='c'>VaAlASP</subfield></datafield><datafield ind1='1' ind2=' ' tag='100'><subfield code='a'>Mahler, Gustav,</subfield><subfield code='d'>1860-1911.</subfield></datafield><datafield ind1='1' ind2='0' tag='245'><subfield code='a'>Symphony no. 5 in C sharp minor</subfield><subfield code='h'>[electronic resource] /</subfield><subfield code='c'>composed by Gustav Mahler ; conducted by Frank Shipway ; Royal Philharmonic Orchestra.</subfield></datafield><datafield ind1=' ' ind2=' ' tag='260'><subfield code='a'>[S.l.] :</subfield><subfield code='b'>Royal Philharmonic Orchestra,</subfield><subfield code='c'>1996.</subfield></datafield><datafield ind1=' ' ind2=' ' tag='300'><subfield code='a'>streaming sound files.</subfield></datafield><datafield ind1=' ' ind2=' ' tag='500'><subfield code='a'>Originally issued as compact disc.</subfield></datafield><datafield ind1=' ' ind2=' ' tag='500'><subfield code='a'>Title from resource description page (viewed Jul. 16, 2009).</subfield></datafield><datafield ind1=' ' ind2=' ' tag='533'><subfield code='a'>Electronic reproduction.</subfield><subfield code='b'>Alexandria, VA :</subfield><subfield code='c'>Alexander Street Press,</subfield><subfield code='d'>2009.</subfield><subfield code='f'>(Classical music library).</subfield><subfield code='n'>Available via World Wide Web.</subfield></datafield><datafield ind1=' ' ind2=' ' tag='590'><subfield code='a'>Access is available to the Temple Community through use of a networked computer with a Temple IP address.</subfield></datafield><datafield ind1=' ' ind2='0' tag='650'><subfield code='a'>Symphonies.</subfield></datafield><datafield ind1='1' ind2=' ' tag='700'><subfield code='a'>Shipway, Frank.</subfield></datafield><datafield ind1='2' ind2=' ' tag='710'><subfield code='a'>Royal Philharmonic Orchestra.</subfield></datafield><datafield ind1='2' ind2=' ' tag='710'><subfield code='a'>Alexander Street Press.</subfield></datafield><datafield ind1=' ' ind2='0' tag='830'><subfield code='a'>Classical music library.</subfield></datafield><datafield ind1='4' ind2='0' tag='856'><subfield code='z'>Access electronic resource.</subfield><subfield code='u'>http://libproxy.temple.edu/login?url=http://www.aspresolver.com/aspresolver.asp?CLMU;378430</subfield></datafield><datafield ind1=' ' ind2=' ' tag='907'><subfield code='a'>.b42898602</subfield><subfield code='b'>w    </subfield><subfield code='c'>-</subfield></datafield><datafield ind1=' ' ind2=' ' tag='902'><subfield code='a'>111026</subfield></datafield><datafield ind1=' ' ind2=' ' tag='998'><subfield code='b'>1</subfield><subfield code='c'>100418</subfield><subfield code='d'>m</subfield><subfield code='e'>j</subfield><subfield code='f'>-</subfield><subfield code='g'>0</subfield></datafield><datafield ind1=' ' ind2=' ' tag='945'><subfield code='l'>w    </subfield><subfield code='g'>1</subfield></datafield><datafield ind1=' ' ind2=' ' tag='ADM'><subfield code='b'>2017-08-04 08:22:00</subfield><subfield code='e'>b42898602-01tuli_inst</subfield><subfield code='d'>ILS</subfield><subfield code='a'>2017-06-20 10:16:36</subfield><subfield code='c'>false</subfield></datafield><datafield ind1=' ' ind2=' ' tag='PRT'><subfield code='a'>53370760510003811</subfield><subfield code='b'>https://sandbox01-na.alma.exlibrisgroup.com/view/uresolver/01TULI_INST/openurl?u.ignore_date_coverage=true&amp;rft.mms_id=991001879639703811</subfield><subfield code='f'>Access electronic resource.</subfield><subfield code='9'>Available</subfield><subfield code='d'>MAIN</subfield><subfield code='c'>Music Online: Classical Music Library</subfield><subfield code='8'>53370760510003811</subfield></datafield></record>