
<record xmlns='http://www.loc.gov/MARC21/slim'><leader>01733ccm a22003733i 4500</leader><controlfield tag='005'>20180315185254.0</controlfield><controlfield tag='006'>m||||||||d||||||||</controlfield><controlfield tag='007'>cr||n ---||a|a</controlfield><controlfield tag='007'>q|</controlfield><controlfield tag='008'>850329s1978    enkcna  sc     n |  eng d</controlfield><controlfield tag='001'>991018607809703811</controlfield><datafield ind1=' ' ind2=' ' tag='035'><subfield code='a'>(PPT)b49167030-01tuli_inst</subfield></datafield><datafield ind1=' ' ind2=' ' tag='035'><subfield code='a'>(VaAlASP)ASP371719/shmu</subfield><subfield code='9'>ExL</subfield></datafield><datafield ind1=' ' ind2=' ' tag='040'><subfield code='a'>VaAlASP</subfield><subfield code='c'>VaAIASP</subfield></datafield><datafield ind1='1' ind2=' ' tag='100'><subfield code='a'>Bach, Johann Sebastian,</subfield><subfield code='d'>1685-1750.</subfield></datafield><datafield ind1='1' ind2='0' tag='240'><subfield code='a'>Wohltemperierte Klavier,</subfield><subfield code='n'>1. T.</subfield><subfield code='n'>Nr. 3;</subfield><subfield code='o'>arr</subfield></datafield><datafield ind1='1' ind2='0' tag='245'><subfield code='a'>Two preludes and fugues in C sharp major</subfield><subfield code='h'>[electronic resource] :</subfield><subfield code='b'>from book 1 of the Well-tempered clavier, BWV 849, 848 /</subfield><subfield code='c'>J.S. Bach ; arranged for instrumental ensemble by Peter Maxwell Davies.</subfield></datafield><datafield ind1=' ' ind2=' ' tag='260'><subfield code='a'>London :</subfield><subfield code='b'>Boosey &amp; Hawkes,</subfield><subfield code='c'>1978.</subfield></datafield><datafield ind1=' ' ind2=' ' tag='300'><subfield code='a'>1 online resource (32 p.)</subfield></datafield><datafield ind1=' ' ind2=' ' tag='500'><subfield code='a'>Duration : ca 5 min each.</subfield></datafield><datafield ind1=' ' ind2=' ' tag='500'><subfield code='a'>Instrumented for Flute (doubling alto flute in 1st work), clarinet in A or basset clarinet, marimba, harpsichord, viola, cello.</subfield></datafield><datafield ind1=' ' ind2=' ' tag='500'><subfield code='a'>Pl. no.: B. &amp; H. 20436.</subfield></datafield><datafield ind1=' ' ind2=' ' tag='533'><subfield code='a'>Electronic reproduction.</subfield><subfield code='b'>Alexandria, VA :</subfield><subfield code='c'>Alexander Street Press,</subfield><subfield code='d'>2008.</subfield><subfield code='f'>(Classical scores library).</subfield><subfield code='n'>Available via World Wide Web.</subfield></datafield><datafield ind1=' ' ind2=' ' tag='590'><subfield code='a'>Access is available to the Temple Community through use of a networked computer with a Temple IP address.</subfield></datafield><datafield ind1=' ' ind2='0' tag='650'><subfield code='a'>Canons, fugues, etc. (Instrumental ensemble), Arranged</subfield><subfield code='v'>Scores.</subfield></datafield><datafield ind1=' ' ind2='0' tag='655'><subfield code='a'>Electronic books.</subfield></datafield><datafield ind1='1' ind2=' ' tag='700'><subfield code='a'>Davies, Peter Maxwell,</subfield><subfield code='d'>1934-2016.</subfield><subfield code='4'>arr</subfield></datafield><datafield ind1='2' ind2=' ' tag='710'><subfield code='a'>Alexander Street Press.</subfield></datafield><datafield ind1=' ' ind2='0' tag='830'><subfield code='a'>Classical scores library.</subfield></datafield><datafield ind1='4' ind2='0' tag='856'><subfield code='u'>http://libproxy.temple.edu/login?url=http://www.aspresolver.com/aspresolver.asp?SHMU;371719</subfield></datafield><datafield ind1=' ' ind2=' ' tag='902'><subfield code='a'>160421</subfield></datafield><datafield ind1=' ' ind2=' ' tag='907'><subfield code='a'>.b49167030</subfield><subfield code='b'>w    </subfield><subfield code='c'>-</subfield></datafield><datafield ind1=' ' ind2=' ' tag='945'><subfield code='l'>w    </subfield><subfield code='g'>1</subfield></datafield><datafield ind1=' ' ind2=' ' tag='998'><subfield code='b'>1</subfield><subfield code='c'>110814</subfield><subfield code='d'>m</subfield><subfield code='e'>c</subfield><subfield code='f'>-</subfield><subfield code='g'>0</subfield></datafield><datafield ind1=' ' ind2=' ' tag='ADM'><subfield code='b'>2018-03-15 22:52:54</subfield><subfield code='e'>b49167030-01tuli_inst</subfield><subfield code='d'>ILS</subfield><subfield code='a'>2017-06-20 12:24:20</subfield><subfield code='c'>false</subfield></datafield><datafield ind1=' ' ind2=' ' tag='PRT'><subfield code='a'>53374455130003811</subfield><subfield code='b'>https://sandbox01-na.alma.exlibrisgroup.com/view/uresolver/01TULI_INST/openurl?u.ignore_date_coverage=true&amp;rft.mms_id=991018607809703811</subfield><subfield code='9'>Available</subfield><subfield code='d'>MAIN</subfield><subfield code='c'>Music Online: Classical Scores Library</subfield><subfield code='8'>53374455130003811</subfield></datafield></record>