
<record xmlns='http://www.loc.gov/MARC21/slim'><leader>02544ngm a22004933a 4500</leader><controlfield tag='005'>20180315190618.0</controlfield><controlfield tag='006'>m|||||o||c||||||||</controlfield><controlfield tag='007'>cr |za|||||||a</controlfield><controlfield tag='007'>vz||zazu|</controlfield><controlfield tag='008'>140221s2010    gw 004 g      o   vleng d</controlfield><controlfield tag='001'>991019989939703811</controlfield><datafield ind1=' ' ind2=' ' tag='035'><subfield code='a'>(PPT)b60748746-01tuli_inst</subfield></datafield><datafield ind1=' ' ind2=' ' tag='035'><subfield code='a'>(VaAIASP)ASP2332112/clmv</subfield><subfield code='9'>ExL</subfield></datafield><datafield ind1=' ' ind2=' ' tag='035'><subfield code='a'>(OCoLC)877884884</subfield></datafield><datafield ind1=' ' ind2=' ' tag='040'><subfield code='a'>VaAlASP</subfield><subfield code='c'>VaAlASP</subfield></datafield><datafield ind1='1' ind2=' ' tag='100'><subfield code='a'>Chopin, Frédéric,</subfield><subfield code='d'>1810-1849.</subfield></datafield><datafield ind1='1' ind2='0' tag='240'><subfield code='a'>Waltzes,</subfield><subfield code='m'>piano,</subfield><subfield code='n'>op. 64.</subfield><subfield code='n'>No. 2</subfield></datafield><datafield ind1='1' ind2='0' tag='245'><subfield code='a'>Waltz in C sharp minor op. 64 no. 2</subfield><subfield code='h'>[electronic resource] /</subfield><subfield code='c'>Fryderyk Franciszek Chopin.</subfield></datafield><datafield ind1=' ' ind2=' ' tag='260'><subfield code='a'>Berlin, Germany :</subfield><subfield code='b'>C Major Entertainment,</subfield><subfield code='c'>2010.</subfield></datafield><datafield ind1=' ' ind2=' ' tag='300'><subfield code='a'>1 online resource (4 min.).</subfield></datafield><datafield ind1=' ' ind2=' ' tag='306'><subfield code='a'>000425</subfield></datafield><datafield ind1='0' ind2=' ' tag='490'><subfield code='a'>Classical music in video</subfield></datafield><datafield ind1=' ' ind2=' ' tag='500'><subfield code='a'>Title from resource description page (viewed Feb. 21, 2014).</subfield></datafield><datafield ind1=' ' ind2=' ' tag='518'><subfield code='o'>Recorded</subfield><subfield code='d'>2010</subfield><subfield code='p'>Warsaw Philharmonic Concert Hall.</subfield></datafield><datafield ind1=' ' ind2=' ' tag='520'><subfield code='a'>Chopin Year 2010 coincides with the 60th anniversary of Daniel Barenboim&apos;s stage début, and as a pianist he has decided to devote this year to the great Romantic master of the keyboard. Chopin was born on 1 March 1810 in a small village near Warsaw, and on the eve of the 200th anniversary of this date Barenboim gave this wildly acclaimed Warsaw recital as part of an extensive European tour. The programme included some of the composer&apos;s best-known works, including the great B flat minor Sonata with its famous Funeral March, which sounded to many &apos;as the composer may well have imagined it.&apos;</subfield></datafield><datafield ind1=' ' ind2=' ' tag='530'><subfield code='a'>Previously released as DVD.</subfield></datafield><datafield ind1=' ' ind2=' ' tag='533'><subfield code='a'>Electronic reproduction.</subfield><subfield code='b'>Alexandria, VA :</subfield><subfield code='c'>Alexander Street Press,</subfield><subfield code='d'>2014.</subfield><subfield code='f'>(Classical music in video).</subfield><subfield code='n'>Available via World Wide Web.</subfield></datafield><datafield ind1=' ' ind2=' ' tag='546'><subfield code='a'>This edition in English.</subfield></datafield><datafield ind1=' ' ind2=' ' tag='590'><subfield code='a'>Access is available to the Temple Community through use of a networked computer with a Temple IP address.</subfield></datafield><datafield ind1=' ' ind2='0' tag='650'><subfield code='a'>Piano music.</subfield></datafield><datafield ind1=' ' ind2='0' tag='650'><subfield code='a'>Waltzes.</subfield></datafield><datafield ind1='1' ind2=' ' tag='700'><subfield code='a'>Atteln, Günter.</subfield><subfield code='4'>pro</subfield></datafield><datafield ind1='1' ind2=' ' tag='700'><subfield code='a'>Barenboim, Daniel,</subfield><subfield code='d'>1942-</subfield><subfield code='4'>prf</subfield></datafield><datafield ind1='1' ind2=' ' tag='700'><subfield code='a'>Beyer, Michael.</subfield><subfield code='4'>drt</subfield></datafield><datafield ind1='1' ind2=' ' tag='700'><subfield code='a'>Stodtmeier, Maria,</subfield><subfield code='d'>1979-</subfield><subfield code='4'>pro</subfield></datafield><datafield ind1='2' ind2=' ' tag='710'><subfield code='a'>Alexander Street Press.</subfield></datafield><datafield ind1='0' ind2=' ' tag='773'><subfield code='t'>Daniel Barenboim - The Warsaw Recital</subfield></datafield><datafield ind1='4' ind2='0' tag='856'><subfield code='z'>Access electronic resource.</subfield><subfield code='u'>http://libproxy.temple.edu/login?url=http://www.aspresolver.com/aspresolver.asp?CLMV;2332112</subfield></datafield><datafield ind1=' ' ind2=' ' tag='902'><subfield code='a'>160208</subfield></datafield><datafield ind1=' ' ind2=' ' tag='902'><subfield code='a'>Classical Music in Video 2016-02-03</subfield></datafield><datafield ind1=' ' ind2=' ' tag='907'><subfield code='a'>.b60748746</subfield><subfield code='b'>w    </subfield><subfield code='c'>-</subfield></datafield><datafield ind1=' ' ind2=' ' tag='910'><subfield code='a'>AL 2014-05-01</subfield></datafield><datafield ind1=' ' ind2=' ' tag='945'><subfield code='l'>w    </subfield><subfield code='g'>1</subfield></datafield><datafield ind1=' ' ind2=' ' tag='998'><subfield code='b'>1</subfield><subfield code='c'>160206</subfield><subfield code='d'>m</subfield><subfield code='e'>2</subfield><subfield code='f'>-</subfield><subfield code='g'>0</subfield></datafield><datafield ind1=' ' ind2=' ' tag='ADM'><subfield code='b'>2018-06-21 07:08:00</subfield><subfield code='e'>b60748746-01tuli_inst</subfield><subfield code='d'>ILS</subfield><subfield code='a'>2017-06-20 10:15:08</subfield><subfield code='c'>false</subfield></datafield><datafield ind1=' ' ind2=' ' tag='PRT'><subfield code='a'>53382614470003811</subfield><subfield code='b'>https://sandbox01-na.alma.exlibrisgroup.com/view/uresolver/01TULI_INST/openurl?u.ignore_date_coverage=true&amp;rft.mms_id=991019989939703811</subfield><subfield code='f'>Access electronic resource.</subfield><subfield code='9'>Available</subfield><subfield code='d'>MAIN</subfield><subfield code='c'>Music Online: Classical Music in Video</subfield><subfield code='8'>53382614470003811</subfield></datafield></record>