
<record xmlns='http://www.loc.gov/MARC21/slim'><leader>01438ccm a2200385Ia 4500</leader><controlfield tag='005'>20170825181100.0</controlfield><controlfield tag='008'>920111s196u    nyunca         n    zxx d</controlfield><controlfield tag='001'>991022362639703811</controlfield><datafield ind1='2' ind2='2' tag='028'><subfield code='a'>533</subfield><subfield code='b'>International Music Co.</subfield></datafield><datafield ind1=' ' ind2=' ' tag='035'><subfield code='a'>(PPT)b6132551x-01tuli_inst</subfield></datafield><datafield ind1=' ' ind2=' ' tag='035'><subfield code='a'>(OCoLC)25088086</subfield></datafield><datafield ind1=' ' ind2=' ' tag='035'><subfield code='a'>ocm25088086</subfield></datafield><datafield ind1=' ' ind2=' ' tag='035'><subfield code='a'>(OCLC)ocm25088086</subfield></datafield><datafield ind1=' ' ind2=' ' tag='040'><subfield code='a'>ENG</subfield><subfield code='b'>eng</subfield><subfield code='c'>ENG</subfield><subfield code='d'>OCL</subfield><subfield code='d'>OCLCQ</subfield><subfield code='d'>OCLCG</subfield><subfield code='d'>OCLCQ</subfield><subfield code='d'>OCLCO</subfield><subfield code='d'>OCLCQ</subfield><subfield code='d'>OCLCA</subfield><subfield code='d'>OCLCF</subfield><subfield code='d'>OCLCO</subfield></datafield><datafield ind1=' ' ind2=' ' tag='048'><subfield code='a'>sc01</subfield><subfield code='a'>ka01</subfield></datafield><datafield ind1=' ' ind2=' ' tag='079'><subfield code='a'>ocm25088086</subfield></datafield><datafield ind1=' ' ind2=' ' tag='090'><subfield code='a'>M236.C56</subfield><subfield code='b'>N6 1960z</subfield></datafield><datafield ind1='1' ind2=' ' tag='100'><subfield code='a'>Chopin, Frédéric,</subfield><subfield code='d'>1810-1849.</subfield></datafield><datafield ind1='1' ind2='0' tag='240'><subfield code='a'>Nocturnes,</subfield><subfield code='m'>piano,</subfield><subfield code='n'>B. 49,</subfield><subfield code='r'>C♯ minor;</subfield><subfield code='o'>arranged</subfield></datafield><datafield ind1='1' ind2='0' tag='245'><subfield code='a'>Nocturne in C sharp minor, opus posthumous, for cello and piano /</subfield><subfield code='c'>Chopin ; [transcribed by Gregor] Piatigorsky.</subfield></datafield><datafield ind1=' ' ind2=' ' tag='260'><subfield code='a'>New York City :</subfield><subfield code='b'>International Music Co.,</subfield><subfield code='c'>[196-?]</subfield></datafield><datafield ind1=' ' ind2=' ' tag='300'><subfield code='a'>1 score (4 pages) + 1 part ([1] pages) ;</subfield><subfield code='c'>31 cm</subfield></datafield><datafield ind1=' ' ind2=' ' tag='336'><subfield code='a'>notated music</subfield><subfield code='b'>ntm</subfield><subfield code='2'>rdacontent</subfield></datafield><datafield ind1=' ' ind2=' ' tag='337'><subfield code='a'>unmediated</subfield><subfield code='b'>n</subfield><subfield code='2'>rdamedia</subfield></datafield><datafield ind1=' ' ind2=' ' tag='338'><subfield code='a'>volume</subfield><subfield code='b'>nc</subfield><subfield code='2'>rdacarrier</subfield></datafield><datafield ind1=' ' ind2=' ' tag='500'><subfield code='a'>Originally for piano.</subfield></datafield><datafield ind1=' ' ind2='0' tag='650'><subfield code='a'>Cello and piano music, Arranged</subfield><subfield code='v'>Scores and parts.</subfield></datafield><datafield ind1=' ' ind2='7' tag='650'><subfield code='a'>Cello and piano music, Arranged</subfield><subfield code='x'>Scores and parts.</subfield><subfield code='2'>fast</subfield><subfield code='0'>(OCoLC)fst01905405</subfield></datafield><datafield ind1='1' ind2=' ' tag='700'><subfield code='a'>Piatigorsky, Gregor,</subfield><subfield code='d'>1903-1976.</subfield></datafield><datafield ind1=' ' ind2=' ' tag='902'><subfield code='a'>161101</subfield></datafield><datafield ind1=' ' ind2=' ' tag='907'><subfield code='a'>.b6132551x</subfield><subfield code='b'>p    </subfield><subfield code='c'>-</subfield></datafield><datafield ind1=' ' ind2=' ' tag='945'><subfield code='l'>pstk </subfield><subfield code='g'>1</subfield></datafield><datafield ind1=' ' ind2=' ' tag='979'><subfield code='a'>ocm25088086</subfield></datafield><datafield ind1=' ' ind2=' ' tag='998'><subfield code='b'>0</subfield><subfield code='c'>160505</subfield><subfield code='d'>m</subfield><subfield code='e'>c</subfield><subfield code='f'>-</subfield><subfield code='g'>0</subfield></datafield><datafield ind1=' ' ind2=' ' tag='998'><subfield code='a'>5/5/16</subfield><subfield code='s'>oclc</subfield><subfield code='c'>kc</subfield></datafield><datafield ind1=' ' ind2=' ' tag='ADM'><subfield code='b'>2018-06-21 07:09:56</subfield><subfield code='e'>b6132551x-01tuli_inst</subfield><subfield code='d'>ILS</subfield><subfield code='a'>2017-06-20 07:18:34</subfield><subfield code='c'>false</subfield></datafield><datafield ind1='0' ind2=' ' tag='HLD'><subfield code='b'>MAIN</subfield><subfield code='c'>stacks</subfield><subfield code='h'>M236.C56</subfield><subfield code='i'>N6 1960z</subfield><subfield code='8'>22264322960003811</subfield></datafield><datafield ind1=' ' ind2=' ' tag='ITM'><subfield code='r'>22264322960003811</subfield><subfield code='b'>1</subfield><subfield code='h'>0</subfield><subfield code='g'>stacks</subfield><subfield code='t'>SCORE</subfield><subfield code='9'>39074026930818</subfield><subfield code='e'>stacks</subfield><subfield code='8'>23264322910003811</subfield><subfield code='a'>0</subfield><subfield code='q'>2017-06-20 07:18:34</subfield><subfield code='i'>M236.C56 N6 1960z</subfield><subfield code='d'>MAIN</subfield><subfield code='f'>MAIN</subfield></datafield></record>