
<record xmlns='http://www.loc.gov/MARC21/slim'><leader>01541ncm a22003613a 4500</leader><controlfield tag='005'>20180315162544.0</controlfield><controlfield tag='006'>m|||||o||d||||||||</controlfield><controlfield tag='007'>cr||n ---||a|a</controlfield><controlfield tag='007'>q|</controlfield><controlfield tag='008'>140415s1936    gw zza||o||||||n||||zxx|d</controlfield><controlfield tag='001'>991003329429703811</controlfield><datafield ind1=' ' ind2=' ' tag='035'><subfield code='a'>(PPT)b5622395x-01tuli_inst</subfield></datafield><datafield ind1=' ' ind2=' ' tag='035'><subfield code='a'>(VaAlASP)ASP441841/shmu</subfield><subfield code='9'>ExL</subfield></datafield><datafield ind1=' ' ind2=' ' tag='035'><subfield code='a'>(OCoLC)877973400</subfield></datafield><datafield ind1=' ' ind2=' ' tag='040'><subfield code='a'>VaAlASP</subfield><subfield code='c'>VaAlASP</subfield></datafield><datafield ind1='1' ind2=' ' tag='100'><subfield code='a'>Chopin, Frédéric,</subfield><subfield code='d'>1810-1849.</subfield></datafield><datafield ind1='1' ind2='0' tag='240'><subfield code='a'>Scherzos,</subfield><subfield code='m'>piano,</subfield><subfield code='n'>no. 3, op. 39,</subfield><subfield code='r'>C♯ minor</subfield></datafield><datafield ind1='1' ind2='0' tag='245'><subfield code='a'>Scherzo no. 3 [in C sharp minor], op. 39</subfield><subfield code='h'>[electronic resource] :</subfield><subfield code='b'>für das Pianoforte /</subfield><subfield code='c'>by Fryderyk Franciszek Chopin.</subfield></datafield><datafield ind1=' ' ind2=' ' tag='260'><subfield code='a'>Wiesbaden :</subfield><subfield code='b'>Breitkopf and Härtel,</subfield><subfield code='c'>[1936]</subfield></datafield><datafield ind1=' ' ind2=' ' tag='300'><subfield code='a'>1 online resource (p. 30-41)</subfield></datafield><datafield ind1='0' ind2=' ' tag='490'><subfield code='a'>Classical scores library</subfield></datafield><datafield ind1=' ' ind2=' ' tag='500'><subfield code='a'>1 full score.</subfield></datafield><datafield ind1=' ' ind2=' ' tag='500'><subfield code='a'>Title from HTML t.p. (viewed Apr. 24, 2009).</subfield></datafield><datafield ind1=' ' ind2=' ' tag='533'><subfield code='a'>Electronic reproduction.</subfield><subfield code='b'>Alexandria, VA :</subfield><subfield code='c'>Alexander Street Press,</subfield><subfield code='d'>2008.</subfield><subfield code='f'>(Classical scores library).</subfield><subfield code='n'>Available via World Wide Web.</subfield></datafield><datafield ind1=' ' ind2=' ' tag='590'><subfield code='a'>Access is available to the Temple Community through use of a networked computer with a Temple IP address.</subfield></datafield><datafield ind1=' ' ind2='0' tag='650'><subfield code='a'>Scherzos (Piano)</subfield></datafield><datafield ind1=' ' ind2='0' tag='655'><subfield code='a'>Electronic books.</subfield></datafield><datafield ind1='2' ind2=' ' tag='710'><subfield code='a'>Alexander Street Press.</subfield></datafield><datafield ind1='4' ind2='0' tag='856'><subfield code='z'>Access full text online.</subfield><subfield code='u'>http://libproxy.temple.edu/login?url=http://www.aspresolver.com/aspresolver.asp?SHMU;441841</subfield></datafield><datafield ind1=' ' ind2=' ' tag='902'><subfield code='a'>Classical Scores Library 2014-05-22</subfield></datafield><datafield ind1=' ' ind2=' ' tag='907'><subfield code='a'>.b5622395x</subfield><subfield code='b'>w    </subfield><subfield code='c'>-</subfield></datafield><datafield ind1=' ' ind2=' ' tag='945'><subfield code='l'>w    </subfield><subfield code='g'>1</subfield></datafield><datafield ind1=' ' ind2=' ' tag='998'><subfield code='b'>1</subfield><subfield code='c'>140531</subfield><subfield code='d'>m</subfield><subfield code='e'>c</subfield><subfield code='f'>-</subfield><subfield code='g'>0</subfield></datafield><datafield ind1=' ' ind2=' ' tag='ADM'><subfield code='b'>2018-06-21 07:15:46</subfield><subfield code='e'>b5622395x-01tuli_inst</subfield><subfield code='d'>ILS</subfield><subfield code='a'>2017-06-20 06:21:21</subfield><subfield code='c'>false</subfield></datafield><datafield ind1=' ' ind2=' ' tag='PRT'><subfield code='a'>53380565770003811</subfield><subfield code='b'>https://sandbox01-na.alma.exlibrisgroup.com/view/uresolver/01TULI_INST/openurl?u.ignore_date_coverage=true&amp;rft.mms_id=991003329429703811</subfield><subfield code='f'>Access full text online.</subfield><subfield code='9'>Available</subfield><subfield code='d'>MAIN</subfield><subfield code='c'>Music Online: Classical Scores Library</subfield><subfield code='8'>53380565770003811</subfield></datafield></record>