
<record xmlns='http://www.loc.gov/MARC21/slim'><leader>01271ncm a22003970  4500</leader><controlfield tag='005'>20180315185052.0</controlfield><controlfield tag='008'>870331s1985    nyuprzn  hi    n 1       </controlfield><controlfield tag='001'>991018251789703811</controlfield><datafield ind1=' ' ind2=' ' tag='010'><subfield code='a'>86752027/M</subfield></datafield><datafield ind1='3' ind2='2' tag='028'><subfield code='a'>66900</subfield><subfield code='b'>C.F. Peters</subfield></datafield><datafield ind1=' ' ind2=' ' tag='035'><subfield code='a'>(PPT)b13713516-01tuli_inst</subfield></datafield><datafield ind1=' ' ind2=' ' tag='035'><subfield code='a'>ocn471357139</subfield><subfield code='9'>ExL</subfield></datafield><datafield ind1=' ' ind2=' ' tag='035'><subfield code='a'>PATG87-C00138</subfield></datafield><datafield ind1=' ' ind2=' ' tag='035'><subfield code='a'>ocm13078724</subfield></datafield><datafield ind1=' ' ind2=' ' tag='035'><subfield code='a'>(OCLC)ocm13078724</subfield></datafield><datafield ind1=' ' ind2=' ' tag='040'><subfield code='d'>PPT</subfield></datafield><datafield ind1='0' ind2=' ' tag='041'><subfield code='g'>eng</subfield></datafield><datafield ind1=' ' ind2=' ' tag='048'><subfield code='a'>ka01</subfield></datafield><datafield ind1=' ' ind2=' ' tag='079'><subfield code='a'>ocm13078724</subfield></datafield><datafield ind1=' ' ind2=' ' tag='090'><subfield code='a'>M22.R12P72x</subfield></datafield><datafield ind1='1' ind2='0' tag='100'><subfield code='a'>Rachmaninoff, Sergei,</subfield><subfield code='d'>1873-1943.</subfield></datafield><datafield ind1='1' ind2='0' tag='240'><subfield code='a'>Morceaux de fantaisie,</subfield><subfield code='n'>op. 3.</subfield><subfield code='p'>Prélude</subfield></datafield><datafield ind1='1' ind2='0' tag='245'><subfield code='a'>Prelude, opus 3, no. 2 in C-sharp minor ; Ten preludes, opus 23 : piano solo /</subfield><subfield code='c'>Sergei Rachmaninoff ; edited by Ruth Laredo.</subfield></datafield><datafield ind1=' ' ind2=' ' tag='260'><subfield code='a'>New York :</subfield><subfield code='b'>C.F. Peters,</subfield><subfield code='c'>c1985.</subfield></datafield><datafield ind1=' ' ind2=' ' tag='300'><subfield code='a'>53 p. of music ;</subfield><subfield code='c'>30 cm.</subfield></datafield><datafield ind1=' ' ind2='0' tag='650'><subfield code='a'>Piano music.</subfield></datafield><datafield ind1='1' ind2='0' tag='700'><subfield code='a'>Laredo, Ruth.</subfield></datafield><datafield ind1='1' ind2='2' tag='700'><subfield code='a'>Rachmaninoff, Sergei,</subfield><subfield code='d'>1873-1943.</subfield><subfield code='t'>Preludes,</subfield><subfield code='m'>piano,</subfield><subfield code='n'>op. 23.</subfield><subfield code='f'>1985.</subfield></datafield><datafield ind1=' ' ind2=' ' tag='907'><subfield code='a'>.b13713516</subfield><subfield code='b'>p    </subfield><subfield code='c'>-</subfield></datafield><datafield ind1=' ' ind2=' ' tag='935'><subfield code='a'>00395092</subfield></datafield><datafield ind1=' ' ind2=' ' tag='945'><subfield code='l'>pstk </subfield><subfield code='g'>1</subfield></datafield><datafield ind1=' ' ind2=' ' tag='950'><subfield code='l'>P</subfield><subfield code='i'>03/31/87 C</subfield></datafield><datafield ind1=' ' ind2=' ' tag='955'><subfield code='l'>P</subfield><subfield code='c'>0</subfield><subfield code='i'>03/31/87 C</subfield></datafield><datafield ind1=' ' ind2=' ' tag='979'><subfield code='a'>ocm13078724</subfield></datafield><datafield ind1=' ' ind2=' ' tag='998'><subfield code='b'>1</subfield><subfield code='c'>990101</subfield><subfield code='d'>m</subfield><subfield code='e'>c</subfield><subfield code='f'>-</subfield><subfield code='g'>0</subfield></datafield><datafield ind1=' ' ind2=' ' tag='998'><subfield code='a'>03/31/87</subfield><subfield code='t'>c</subfield><subfield code='s'>9110</subfield><subfield code='n'>PPT</subfield><subfield code='w'>DCLC86752027C</subfield><subfield code='d'>03/31/87</subfield><subfield code='c'>SM</subfield><subfield code='b'>AT</subfield><subfield code='i'>870331</subfield><subfield code='l'>PATG</subfield></datafield><datafield ind1=' ' ind2=' ' tag='ADM'><subfield code='b'>2018-06-19 04:19:20</subfield><subfield code='e'>b13713516-01tuli_inst</subfield><subfield code='d'>ILS</subfield><subfield code='a'>2017-06-20 08:52:23</subfield><subfield code='c'>false</subfield></datafield><datafield ind1='0' ind2=' ' tag='HLD'><subfield code='b'>MAIN</subfield><subfield code='c'>stacks</subfield><subfield code='h'>M22.R12P72x</subfield><subfield code='8'>22287777510003811</subfield></datafield><datafield ind1=' ' ind2=' ' tag='ITM'><subfield code='r'>22287777510003811</subfield><subfield code='b'>1</subfield><subfield code='h'>0</subfield><subfield code='g'>stacks</subfield><subfield code='t'>SCORE</subfield><subfield code='9'>39074005491923</subfield><subfield code='e'>stacks</subfield><subfield code='8'>23287777500003811</subfield><subfield code='a'>0</subfield><subfield code='q'>2017-06-20 08:52:23</subfield><subfield code='i'>M22.R12P72x</subfield><subfield code='d'>MAIN</subfield><subfield code='f'>MAIN</subfield></datafield></record>