
<record xmlns='http://www.loc.gov/MARC21/slim'><leader>02001njm a22004930  4500</leader><controlfield tag='005'>20180315194358.0</controlfield><controlfield tag='007'>sdrlunjlcmnnce</controlfield><controlfield tag='008'>900302c19831981enksn    eghi    1      d</controlfield><controlfield tag='001'>991025959779703811</controlfield><datafield ind1='0' ind2='2' tag='028'><subfield code='b'>LÓseau-Lyre</subfield><subfield code='a'>KDSLC 603</subfield></datafield><datafield ind1=' ' ind2=' ' tag='035'><subfield code='a'>(PPT)b15363776-01tuli_inst</subfield></datafield><datafield ind1=' ' ind2=' ' tag='035'><subfield code='a'>ocn471879073</subfield><subfield code='9'>ExL</subfield></datafield><datafield ind1=' ' ind2=' ' tag='035'><subfield code='a'>PATG90-R00084</subfield></datafield><datafield ind1=' ' ind2=' ' tag='035'><subfield code='a'>ocm17862848</subfield></datafield><datafield ind1=' ' ind2=' ' tag='035'><subfield code='a'>(OCLC)ocm17862848</subfield></datafield><datafield ind1=' ' ind2=' ' tag='040'><subfield code='d'>PPT</subfield></datafield><datafield ind1='1' ind2=' ' tag='041'><subfield code='g'>engfreger</subfield></datafield><datafield ind1='1' ind2=' ' tag='045'><subfield code='b'>d1799</subfield><subfield code='b'>d1801</subfield><subfield code='b'>d1802</subfield></datafield><datafield ind1=' ' ind2=' ' tag='048'><subfield code='a'>ka01</subfield></datafield><datafield ind1=' ' ind2=' ' tag='079'><subfield code='a'>ocm17862848</subfield></datafield><datafield ind1=' ' ind2=' ' tag='099'><subfield code='a'>OISEAU KDSLC 603</subfield></datafield><datafield ind1='1' ind2=' ' tag='100'><subfield code='a'>Beethoven, Ludwig van,</subfield><subfield code='d'>1770-1827.</subfield></datafield><datafield ind1='0' ind2='0' tag='240'><subfield code='a'>Sonatas,</subfield><subfield code='m'>piano.</subfield><subfield code='k'>Selections</subfield></datafield><datafield ind1='0' ind2='0' tag='245'><subfield code='a'>Piano sonata no. 8 in C minor, op. 13 &quot;Pathetique&quot; ; Piano sonata no. 14 in C sharp minor, op. 27 no. 2 &quot;Moonlight&quot; ; Piano sonata no. 23 in F minor, op. 57 &quot;Appassionata&quot;</subfield><subfield code='h'>[sound recording] /</subfield><subfield code='c'>Beethoven.</subfield></datafield><datafield ind1=' ' ind2=' ' tag='260'><subfield code='a'>London :</subfield><subfield code='b'>Éditions de l&apos;Oiseau-Lyre,</subfield><subfield code='c'>c1983, p1981.</subfield></datafield><datafield ind1=' ' ind2=' ' tag='300'><subfield code='a'>1 sound cassette :</subfield><subfield code='b'>l 7/8 ips, Dolby processed.</subfield></datafield><datafield ind1=' ' ind2=' ' tag='306'><subfield code='a'>002117</subfield><subfield code='a'>001703</subfield><subfield code='a'>002532</subfield></datafield><datafield ind1='0' ind2=' ' tag='490'><subfield code='a'>Florilegium series</subfield></datafield><datafield ind1=' ' ind2=' ' tag='500'><subfield code='a'>Durations: 21:17 ; 17:03 ; 25:32.</subfield></datafield><datafield ind1=' ' ind2=' ' tag='500'><subfield code='a'>Program notes by David Wyn Jones and notes on the instruments by C.F. Colt in English on the insert in container.</subfield></datafield><datafield ind1='0' ind2=' ' tag='511'><subfield code='a'>Fortepiano: Malcolm Binns.</subfield></datafield><datafield ind1=' ' ind2='0' tag='650'><subfield code='a'>Sonatas (Piano)</subfield></datafield><datafield ind1='1' ind2='1' tag='700'><subfield code='a'>Binns, Malcolm.</subfield><subfield code='4'>prf.</subfield></datafield><datafield ind1='1' ind2='2' tag='700'><subfield code='a'>Beethoven, Ludwig van,</subfield><subfield code='d'>1770-1827.</subfield><subfield code='t'>Sonatas,</subfield><subfield code='m'>piano,</subfield><subfield code='n'>no. 8, op. 13,</subfield><subfield code='r'>C minor.</subfield><subfield code='f'>1983.</subfield></datafield><datafield ind1='1' ind2='2' tag='700'><subfield code='a'>Beethoven, Ludwig van,</subfield><subfield code='d'>1770-1827.</subfield><subfield code='t'>Sonatas,</subfield><subfield code='m'>piano,</subfield><subfield code='n'>no. 14, op. 27, no. 2,</subfield><subfield code='r'>C# minor.</subfield><subfield code='f'>1983.</subfield></datafield><datafield ind1='1' ind2='2' tag='700'><subfield code='a'>Beethoven, Ludwig van,</subfield><subfield code='d'>1770-1827.</subfield><subfield code='t'>Sonatas,</subfield><subfield code='m'>piano,</subfield><subfield code='n'>no. 23, op. 57,</subfield><subfield code='r'>F minor.</subfield><subfield code='f'>1983.</subfield></datafield><datafield ind1=' ' ind2=' ' tag='907'><subfield code='a'>.b15363776</subfield><subfield code='b'>k    </subfield><subfield code='c'>-</subfield></datafield><datafield ind1=' ' ind2=' ' tag='935'><subfield code='a'>00577292</subfield></datafield><datafield ind1=' ' ind2=' ' tag='945'><subfield code='l'>kz   </subfield><subfield code='g'>1</subfield></datafield><datafield ind1=' ' ind2=' ' tag='950'><subfield code='l'>AUD</subfield><subfield code='b'>OISEAU KDSLC 603</subfield><subfield code='i'>03/02/90 N  135:SL</subfield></datafield><datafield ind1=' ' ind2=' ' tag='955'><subfield code='l'>AUD</subfield><subfield code='c'>0</subfield><subfield code='i'>03/02/90 C</subfield></datafield><datafield ind1=' ' ind2=' ' tag='979'><subfield code='a'>ocm17862848</subfield></datafield><datafield ind1=' ' ind2=' ' tag='998'><subfield code='b'>1</subfield><subfield code='c'>990101</subfield><subfield code='d'>m</subfield><subfield code='e'>j</subfield><subfield code='f'>-</subfield><subfield code='g'>0</subfield></datafield><datafield ind1=' ' ind2=' ' tag='998'><subfield code='a'>03/02/90</subfield><subfield code='t'>c</subfield><subfield code='s'>9114</subfield><subfield code='n'>PPT</subfield><subfield code='d'>03/02/90</subfield><subfield code='c'>RD</subfield><subfield code='b'>AT</subfield><subfield code='i'>900302</subfield><subfield code='l'>PATG</subfield></datafield><datafield ind1=' ' ind2=' ' tag='ADM'><subfield code='b'>2018-03-15 23:43:58</subfield><subfield code='e'>b15363776-01tuli_inst</subfield><subfield code='d'>ILS</subfield><subfield code='a'>2017-06-20 06:27:30</subfield><subfield code='c'>false</subfield></datafield><datafield ind1='8' ind2=' ' tag='HLD'><subfield code='b'>KARDON</subfield><subfield code='c'>p_remote</subfield><subfield code='h'>OISEAU KDSLC 603</subfield><subfield code='8'>22248050120003811</subfield></datafield><datafield ind1=' ' ind2=' ' tag='ITM'><subfield code='r'>22248050120003811</subfield><subfield code='b'>1</subfield><subfield code='h'>8</subfield><subfield code='g'>p_remote</subfield><subfield code='t'>RECORD</subfield><subfield code='9'>39074007201676</subfield><subfield code='e'>p_remote</subfield><subfield code='8'>23248050110003811</subfield><subfield code='a'>7</subfield><subfield code='q'>2017-06-20 06:27:30</subfield><subfield code='i'>OISEAU KDSLC 603</subfield><subfield code='d'>KARDON</subfield><subfield code='f'>KARDON</subfield></datafield></record>