
<record xmlns='http://www.loc.gov/MARC21/slim'><leader>01493ccm a22004450  4500</leader><controlfield tag='005'>20180315183237.0</controlfield><controlfield tag='008'>830613s1981    gw coca          1      d</controlfield><controlfield tag='001'>991013588199703811</controlfield><datafield ind1='3' ind2='2' tag='028'><subfield code='b'>Bärenreiter</subfield><subfield code='a'>BA 19 141</subfield></datafield><datafield ind1=' ' ind2=' ' tag='035'><subfield code='a'>(PPT)b12774637-01tuli_inst</subfield></datafield><datafield ind1=' ' ind2=' ' tag='035'><subfield code='a'>ocn471222213</subfield><subfield code='9'>ExL</subfield></datafield><datafield ind1=' ' ind2=' ' tag='035'><subfield code='a'>PATG83-C00434</subfield></datafield><datafield ind1=' ' ind2=' ' tag='035'><subfield code='a'>ocm31214151</subfield></datafield><datafield ind1=' ' ind2=' ' tag='035'><subfield code='a'>(OCLC)ocm31214151</subfield></datafield><datafield ind1=' ' ind2=' ' tag='040'><subfield code='a'>IaU</subfield><subfield code='c'>IaU</subfield><subfield code='d'>0PPT</subfield></datafield><datafield ind1='0' ind2=' ' tag='041'><subfield code='g'>gereng</subfield></datafield><datafield ind1=' ' ind2=' ' tag='045'><subfield code='a'>w2w2</subfield></datafield><datafield ind1=' ' ind2=' ' tag='048'><subfield code='a'>sa01</subfield><subfield code='a'>ka01</subfield></datafield><datafield ind1=' ' ind2=' ' tag='079'><subfield code='a'>ocm31214151</subfield></datafield><datafield ind1=' ' ind2=' ' tag='090'><subfield code='a'>M223.B47C6x</subfield></datafield><datafield ind1='1' ind2='0' tag='100'><subfield code='a'>Berwald, Franz,</subfield><subfield code='d'>1796-1868.</subfield></datafield><datafield ind1='1' ind2='0' tag='240'><subfield code='a'>Concertos,</subfield><subfield code='m'>violin, orchestra,</subfield><subfield code='r'>C# minor;</subfield><subfield code='o'>arr.</subfield></datafield><datafield ind1='1' ind2='0' tag='245'><subfield code='a'>Violinkonzert in cis =</subfield><subfield code='b'>Violin concerto in C sharp minor /</subfield><subfield code='c'>Franz Berwald ; herausgegeben von Folke Lindberg ; Klavierauszug von Heinz Moehn.</subfield></datafield><datafield ind1=' ' ind2=' ' tag='260'><subfield code='a'>Kassel :</subfield><subfield code='b'>Bärenreiter,</subfield><subfield code='c'>c1981.</subfield></datafield><datafield ind1=' ' ind2=' ' tag='300'><subfield code='a'>1 score (46 p.) + 1 part (12 p.) ;</subfield><subfield code='c'>30 cm.</subfield></datafield><datafield ind1='1' ind2=' ' tag='490'><subfield code='a'>The 19th century = Das 19. Jahrhundert</subfield></datafield><datafield ind1=' ' ind2=' ' tag='500'><subfield code='a'>Pref. in English and German.</subfield></datafield><datafield ind1=' ' ind2=' ' tag='500'><subfield code='a'>Duration: about 21 min.</subfield></datafield><datafield ind1=' ' ind2='0' tag='650'><subfield code='a'>Concertos (Violin)</subfield><subfield code='x'>Solo with piano.</subfield></datafield><datafield ind1='1' ind2='0' tag='700'><subfield code='a'>Lindberg, Folke.</subfield></datafield><datafield ind1='1' ind2='0' tag='700'><subfield code='a'>Moehn, Heinz.</subfield></datafield><datafield ind1=' ' ind2='4' tag='830'><subfield code='a'>19th century. Kassel, Barenreiter.</subfield></datafield><datafield ind1=' ' ind2=' ' tag='907'><subfield code='a'>.b12774637</subfield><subfield code='b'>p    </subfield><subfield code='c'>-</subfield></datafield><datafield ind1=' ' ind2=' ' tag='935'><subfield code='a'>00295656</subfield></datafield><datafield ind1=' ' ind2=' ' tag='945'><subfield code='l'>pstk </subfield><subfield code='g'>1</subfield></datafield><datafield ind1=' ' ind2=' ' tag='950'><subfield code='l'>P</subfield><subfield code='i'>05/21/84 C</subfield></datafield><datafield ind1=' ' ind2=' ' tag='955'><subfield code='l'>P</subfield><subfield code='q'>83-C434-1</subfield><subfield code='i'>05/21/84 C</subfield></datafield><datafield ind1=' ' ind2=' ' tag='979'><subfield code='a'>ocm31214151</subfield></datafield><datafield ind1=' ' ind2=' ' tag='998'><subfield code='b'>1</subfield><subfield code='c'>990101</subfield><subfield code='d'>m</subfield><subfield code='e'>c</subfield><subfield code='f'>-</subfield><subfield code='g'>0</subfield></datafield><datafield ind1=' ' ind2=' ' tag='998'><subfield code='a'>05/21/84</subfield><subfield code='t'>b</subfield><subfield code='s'>9114</subfield><subfield code='n'>PPT</subfield><subfield code='w'>PATG83C434</subfield><subfield code='d'>06/13/83</subfield><subfield code='c'>RD</subfield><subfield code='b'>PD</subfield><subfield code='i'>840521</subfield><subfield code='l'>PATG</subfield></datafield><datafield ind1=' ' ind2=' ' tag='ADM'><subfield code='b'>2018-06-19 03:15:37</subfield><subfield code='e'>b12774637-01tuli_inst</subfield><subfield code='d'>ILS</subfield><subfield code='a'>2017-06-20 10:12:56</subfield><subfield code='c'>false</subfield></datafield><datafield ind1='0' ind2=' ' tag='HLD'><subfield code='b'>MAIN</subfield><subfield code='c'>stacks</subfield><subfield code='h'>M223.B47C6x</subfield><subfield code='8'>22300949260003811</subfield></datafield><datafield ind1=' ' ind2=' ' tag='ITM'><subfield code='r'>22300949260003811</subfield><subfield code='b'>1</subfield><subfield code='h'>0</subfield><subfield code='g'>stacks</subfield><subfield code='t'>SCORE</subfield><subfield code='9'>39074021363056</subfield><subfield code='e'>stacks</subfield><subfield code='8'>23300949250003811</subfield><subfield code='a'>0</subfield><subfield code='q'>2017-06-20 10:12:56</subfield><subfield code='i'>M223.B47C6x</subfield><subfield code='d'>MAIN</subfield><subfield code='f'>MAIN</subfield></datafield></record>