
<record xmlns='http://www.loc.gov/MARC21/slim'><leader>00357camZa2200109zZZ4500</leader><controlfield tag='001'>991036778175703811</controlfield><controlfield tag='005'>20160606165317.0</controlfield><controlfield tag='008'>121018u1755uuuuuuuuu-|-o----u|----|eng-d</controlfield><datafield ind1=' ' ind2=' ' tag='035'><subfield code='a'>(CKB)3360000000328562</subfield></datafield><datafield ind1=' ' ind2=' ' tag='035'><subfield code='a'>(EXLCZ)993360000000328562</subfield></datafield><datafield ind1=' ' ind2='2' tag='245'><subfield code='a'>A letter to the people of Ireland on the present state of the Kingdom. Relative to the banks, &amp;c. By R. Sharp, Esq;</subfield></datafield><datafield ind1=' ' ind2=' ' tag='260'><subfield code='a'>Dublin</subfield></datafield><datafield ind1=' ' ind2=' ' tag='906'><subfield code='a'>DOCUMENT</subfield></datafield><datafield ind1=' ' ind2=' ' tag='ADM'><subfield code='b'>2017-06-21 00:48:10</subfield><subfield code='e'>993360000000328562</subfield><subfield code='d'>NON_SFX</subfield><subfield code='a'>2012-02-25 22:42:23</subfield><subfield code='c'>false</subfield></datafield><datafield ind1=' ' ind2=' ' tag='PRT'><subfield code='a'>53359930950003811</subfield><subfield code='b'>https://sandbox01-na.alma.exlibrisgroup.com/view/uresolver/01TULI_INST/openurl?u.ignore_date_coverage=true&amp;rft.mms_id=991036778175703811</subfield><subfield code='e'>Galegroup</subfield><subfield code='9'>Available</subfield><subfield code='c'>Gale Eighteenth Century Collections Online I</subfield><subfield code='h'>613360000000000002</subfield><subfield code='8'>53359930950003811</subfield></datafield></record>