
<record xmlns='http://www.loc.gov/MARC21/slim'><leader>02145cjm a22004813i 4500</leader><controlfield tag='005'>20180315155645.0</controlfield><controlfield tag='006'>m||||||||h||||||||</controlfield><controlfield tag='007'>sz z|nnnnnzned</controlfield><controlfield tag='007'>cr||na---||a|a</controlfield><controlfield tag='008'>031027p20031996enkcon||s|||||||||||und|d</controlfield><controlfield tag='001'>991001820089703811</controlfield><datafield ind1='1' ind2=' ' tag='024'><subfield code='a'>034571193658</subfield></datafield><datafield ind1='0' ind2='2' tag='028'><subfield code='a'>CDA67365</subfield><subfield code='b'>Hyperion</subfield></datafield><datafield ind1=' ' ind2=' ' tag='035'><subfield code='a'>(PPT)b42886909-01tuli_inst</subfield></datafield><datafield ind1=' ' ind2=' ' tag='035'><subfield code='a'>(VaAlASP)ASP379946/clmu</subfield><subfield code='9'>ExL</subfield></datafield><datafield ind1=' ' ind2=' ' tag='035'><subfield code='a'>(OCoLC)ocm53294011</subfield></datafield><datafield ind1=' ' ind2=' ' tag='035'><subfield code='a'>(NNC)4201216</subfield></datafield><datafield ind1=' ' ind2=' ' tag='040'><subfield code='a'>RES</subfield><subfield code='c'>RES</subfield><subfield code='d'>VaAlASP</subfield></datafield><datafield ind1='0' ind2=' ' tag='041'><subfield code='g'>eng</subfield><subfield code='g'>fre</subfield><subfield code='g'>ger</subfield></datafield><datafield ind1='1' ind2=' ' tag='100'><subfield code='a'>Scharwenka, Xaver,</subfield><subfield code='d'>1850-1924.</subfield></datafield><datafield ind1='1' ind2='0' tag='240'><subfield code='a'>Concertos,</subfield><subfield code='m'>piano, orchestra,</subfield><subfield code='n'>no. 2, op. 56,</subfield><subfield code='r'>C minor</subfield></datafield><datafield ind1='1' ind2='0' tag='245'><subfield code='a'>Piano concerto no. 2 in C minor, op. 56</subfield><subfield code='h'>[electronic resource] :</subfield><subfield code='b'>Piano concerto no. 3 in C sharp minor, op. 80 /</subfield><subfield code='c'>Xaver Scharwenka.</subfield></datafield><datafield ind1=' ' ind2=' ' tag='260'><subfield code='a'>London: :</subfield><subfield code='b'>Hyperion,</subfield><subfield code='c'>p2003.</subfield></datafield><datafield ind1=' ' ind2=' ' tag='300'><subfield code='a'>streaming sound files.</subfield></datafield><datafield ind1=' ' ind2='0' tag='440'><subfield code='a'>Romantic piano concerto ;</subfield><subfield code='v'>33</subfield></datafield><datafield ind1=' ' ind2=' ' tag='500'><subfield code='a'>Originally issued as a compact disc.</subfield></datafield><datafield ind1=' ' ind2=' ' tag='500'><subfield code='a'>Program notes in English, French, and German inserted in container.</subfield></datafield><datafield ind1=' ' ind2=' ' tag='500'><subfield code='a'>Durations: 40:44 ; 37:57.</subfield></datafield><datafield ind1='0' ind2=' ' tag='511'><subfield code='a'>Seta Tanyel, piano ; Radio Philharmonie Hannover des NDR ; Tadeusz Strugala, conductor.</subfield></datafield><datafield ind1=' ' ind2=' ' tag='518'><subfield code='a'>Recorded in 1996, at Grosser Sendesaal, Funkhaus Hannover des NDR.</subfield></datafield><datafield ind1=' ' ind2=' ' tag='533'><subfield code='a'>Electronic reproduction.</subfield><subfield code='b'>Alexandria, VA :</subfield><subfield code='c'>Alexander Street Press,</subfield><subfield code='d'>2009.</subfield><subfield code='f'>(Classical music library).</subfield><subfield code='n'>Available via World Wide Web.</subfield></datafield><datafield ind1=' ' ind2=' ' tag='590'><subfield code='a'>Access is available to the Temple Community through use of a networked computer with a Temple IP address.</subfield></datafield><datafield ind1=' ' ind2='0' tag='650'><subfield code='a'>Concertos (Piano)</subfield></datafield><datafield ind1='1' ind2=' ' tag='700'><subfield code='a'>Tanyel, Seta.</subfield><subfield code='4'>prf</subfield></datafield><datafield ind1='1' ind2=' ' tag='700'><subfield code='a'>Strugała, Tadeusz,</subfield><subfield code='d'>1935-</subfield><subfield code='4'>cnd</subfield></datafield><datafield ind1='1' ind2='2' tag='700'><subfield code='a'>Scharwenka, Xaver,</subfield><subfield code='d'>1850-1924.</subfield><subfield code='t'>Concertos,</subfield><subfield code='m'>piano, orchestra,</subfield><subfield code='n'>no. 3, op. 80,</subfield><subfield code='r'>C♭ minor.</subfield></datafield><datafield ind1='2' ind2=' ' tag='710'><subfield code='a'>Radio-Philharmonie Hannover des NDR.</subfield><subfield code='4'>prf</subfield></datafield><datafield ind1='2' ind2=' ' tag='710'><subfield code='a'>Alexander Street Press.</subfield></datafield><datafield ind1=' ' ind2='0' tag='830'><subfield code='a'>Classical music library.</subfield></datafield><datafield ind1='4' ind2='0' tag='856'><subfield code='z'>Access electronic resource.</subfield><subfield code='u'>http://libproxy.temple.edu/login?url=http://www.aspresolver.com/aspresolver.asp?CLMU;379946</subfield></datafield><datafield ind1=' ' ind2=' ' tag='907'><subfield code='a'>.b42886909</subfield><subfield code='b'>w    </subfield><subfield code='c'>-</subfield></datafield><datafield ind1=' ' ind2=' ' tag='945'><subfield code='l'>w    </subfield><subfield code='g'>1</subfield></datafield><datafield ind1=' ' ind2=' ' tag='998'><subfield code='b'>1</subfield><subfield code='c'>100418</subfield><subfield code='d'>m</subfield><subfield code='e'>j</subfield><subfield code='f'>-</subfield><subfield code='g'>0</subfield></datafield><datafield ind1=' ' ind2=' ' tag='ADM'><subfield code='b'>2018-03-15 19:56:45</subfield><subfield code='e'>b42886909-01tuli_inst</subfield><subfield code='d'>ILS</subfield><subfield code='a'>2017-06-20 07:31:32</subfield><subfield code='c'>false</subfield></datafield><datafield ind1=' ' ind2=' ' tag='PRT'><subfield code='a'>53370728340003811</subfield><subfield code='b'>https://sandbox01-na.alma.exlibrisgroup.com/view/uresolver/01TULI_INST/openurl?u.ignore_date_coverage=true&amp;rft.mms_id=991001820089703811</subfield><subfield code='f'>Access electronic resource.</subfield><subfield code='9'>Available</subfield><subfield code='d'>MAIN</subfield><subfield code='c'>Music Online: Classical Music Library</subfield><subfield code='8'>53370728340003811</subfield></datafield></record>