
<record xmlns='http://www.loc.gov/MARC21/slim'><leader>01241ccm a2200373 a 4500</leader><controlfield tag='005'>20180315194545.0</controlfield><controlfield tag='008'>010514t19991982pl muz                  d</controlfield><controlfield tag='001'>991026307269703811</controlfield><datafield ind1=' ' ind2=' ' tag='020'><subfield code='a'>8322404832</subfield></datafield><datafield ind1='2' ind2='2' tag='028'><subfield code='a'>PWM 9943</subfield><subfield code='b'>Polskie Wydawnictwo Muzyczne</subfield></datafield><datafield ind1=' ' ind2=' ' tag='035'><subfield code='a'>(PPT)b24539594-01tuli_inst</subfield></datafield><datafield ind1=' ' ind2=' ' tag='035'><subfield code='a'>(CStRLIN)ocn487381035</subfield><subfield code='9'>ExL</subfield></datafield><datafield ind1=' ' ind2=' ' tag='035'><subfield code='a'>ocm46941209</subfield></datafield><datafield ind1=' ' ind2=' ' tag='035'><subfield code='a'>(OCLC)ocm46941209</subfield></datafield><datafield ind1=' ' ind2=' ' tag='040'><subfield code='a'>YNG</subfield><subfield code='c'>YNG</subfield><subfield code='d'>MnU</subfield><subfield code='d'>CStRLIN</subfield><subfield code='d'>PPT</subfield></datafield><datafield ind1=' ' ind2=' ' tag='047'><subfield code='a'>pr</subfield><subfield code='a'>fg</subfield></datafield><datafield ind1=' ' ind2=' ' tag='048'><subfield code='a'>ka01</subfield></datafield><datafield ind1=' ' ind2=' ' tag='079'><subfield code='a'>ocm46941209</subfield></datafield><datafield ind1=' ' ind2=' ' tag='090'><subfield code='a'>M25.S99</subfield><subfield code='b'>P745x 1999</subfield></datafield><datafield ind1='1' ind2=' ' tag='100'><subfield code='a'>Szymanowski, Karol,</subfield><subfield code='d'>1882-1937.</subfield></datafield><datafield ind1='1' ind2='0' tag='240'><subfield code='a'>Preludium i fuga,</subfield><subfield code='m'>piano,</subfield><subfield code='r'>C# minor.</subfield></datafield><datafield ind1='0' ind2='0' tag='245'><subfield code='a'>Preludium i fuga cis-moll na fortepian =</subfield><subfield code='b'>Prelude and fugue in C sharp minor for piano /</subfield><subfield code='c'>Karol Szymanowski ; edited by Ewa Bukojemska.</subfield></datafield><datafield ind1='3' ind2='1' tag='246'><subfield code='a'>Prelude and fugue in C sharp minor for piano</subfield></datafield><datafield ind1=' ' ind2=' ' tag='250'><subfield code='a'>Wyd. 1.</subfield></datafield><datafield ind1=' ' ind2=' ' tag='260'><subfield code='a'>Kraków :</subfield><subfield code='b'>Polskie Wydawnictwo Muzyczne,</subfield><subfield code='c'>1999, c1982.</subfield></datafield><datafield ind1=' ' ind2=' ' tag='300'><subfield code='a'>9 p. of music ;</subfield><subfield code='c'>34 cm.</subfield></datafield><datafield ind1=' ' ind2='0' tag='650'><subfield code='a'>Piano music.</subfield></datafield><datafield ind1=' ' ind2='0' tag='650'><subfield code='a'>Canons, fugues, etc. (Piano)</subfield></datafield><datafield ind1='1' ind2=' ' tag='700'><subfield code='a'>Bukojemska, Ewa.</subfield></datafield><datafield ind1=' ' ind2=' ' tag='907'><subfield code='a'>.b24539594</subfield><subfield code='b'>p    </subfield><subfield code='c'>-</subfield></datafield><datafield ind1=' ' ind2=' ' tag='945'><subfield code='l'>pstk </subfield><subfield code='g'>1</subfield></datafield><datafield ind1=' ' ind2=' ' tag='979'><subfield code='a'>ocm46941209</subfield></datafield><datafield ind1=' ' ind2=' ' tag='998'><subfield code='b'>1</subfield><subfield code='c'>020118</subfield><subfield code='d'>m</subfield><subfield code='e'>c</subfield><subfield code='f'>-</subfield><subfield code='g'>0</subfield></datafield><datafield ind1=' ' ind2=' ' tag='998'><subfield code='a'>01/17/02</subfield><subfield code='s'>RLIN</subfield><subfield code='c'>CDC</subfield></datafield><datafield ind1=' ' ind2=' ' tag='ADM'><subfield code='b'>2018-06-20 01:17:39</subfield><subfield code='e'>b24539594-01tuli_inst</subfield><subfield code='d'>ILS</subfield><subfield code='a'>2017-06-20 08:14:22</subfield><subfield code='c'>false</subfield></datafield><datafield ind1='0' ind2=' ' tag='HLD'><subfield code='b'>MAIN</subfield><subfield code='c'>stacks</subfield><subfield code='h'>M25.S99</subfield><subfield code='i'>P745x 1999</subfield><subfield code='8'>22279379990003811</subfield></datafield><datafield ind1=' ' ind2=' ' tag='ITM'><subfield code='r'>22279379990003811</subfield><subfield code='b'>1</subfield><subfield code='h'>0</subfield><subfield code='g'>stacks</subfield><subfield code='t'>SCORE</subfield><subfield code='9'>39074015213051</subfield><subfield code='e'>stacks</subfield><subfield code='8'>23279379920003811</subfield><subfield code='a'>0</subfield><subfield code='q'>2017-06-20 08:14:22</subfield><subfield code='i'>M25.S99 P745x 1999</subfield><subfield code='d'>MAIN</subfield><subfield code='f'>MAIN</subfield></datafield></record>