
<record xmlns='http://www.loc.gov/MARC21/slim'><leader>02135ccm a2200505 a 4500</leader><controlfield tag='005'>20180315165429.0</controlfield><controlfield tag='008'>031113s2003    gw snz   bhi   n        d</controlfield><controlfield tag='001'>991006643099703811</controlfield><datafield ind1=' ' ind2=' ' tag='020'><subfield code='a'>3881880704</subfield></datafield><datafield ind1=' ' ind2=' ' tag='035'><subfield code='a'>(PPT)b28632564-01tuli_inst</subfield></datafield><datafield ind1=' ' ind2=' ' tag='035'><subfield code='a'>(CStRLIN)ocn490777868</subfield><subfield code='9'>ExL</subfield></datafield><datafield ind1=' ' ind2=' ' tag='035'><subfield code='a'>PPTb28632564</subfield></datafield><datafield ind1=' ' ind2=' ' tag='035'><subfield code='a'>ocm53423312</subfield></datafield><datafield ind1=' ' ind2=' ' tag='035'><subfield code='a'>(OCLC)ocm53423312</subfield></datafield><datafield ind1=' ' ind2=' ' tag='040'><subfield code='a'>ZJS</subfield><subfield code='c'>ZJS</subfield><subfield code='d'>PPT</subfield></datafield><datafield ind1='0' ind2=' ' tag='041'><subfield code='g'>gerjpneng</subfield></datafield><datafield ind1=' ' ind2=' ' tag='048'><subfield code='a'>ka01</subfield></datafield><datafield ind1=' ' ind2=' ' tag='079'><subfield code='a'>ocm53423312</subfield></datafield><datafield ind1=' ' ind2=' ' tag='090'><subfield code='a'>M23</subfield><subfield code='b'>.B414 op.27 2003</subfield></datafield><datafield ind1='1' ind2=' ' tag='100'><subfield code='a'>Beethoven, Ludwig van,</subfield><subfield code='d'>1770-1827.</subfield></datafield><datafield ind1='1' ind2='0' tag='240'><subfield code='a'>Sonatas,</subfield><subfield code='m'>piano,</subfield><subfield code='n'>no. 14, op. 27, no. 2,</subfield><subfield code='r'>C# minor.</subfield></datafield><datafield ind1='1' ind2='0' tag='245'><subfield code='a'>Klaviersonate cis-Moll op. 27 Nr. 2 :</subfield><subfield code='b'>&quot;Mondschein-Sonate&quot; = Piano sonata in C-sharp minor, op. 27, no. 2 : &quot;Moonlight sonata&quot; /</subfield><subfield code='c'>Ludwig van Beethoven.</subfield></datafield><datafield ind1='3' ind2='0' tag='246'><subfield code='a'>Mondschein-Sonate</subfield></datafield><datafield ind1='3' ind2='1' tag='246'><subfield code='a'>Moonlight sonata</subfield></datafield><datafield ind1=' ' ind2=' ' tag='260'><subfield code='a'>Bonn :</subfield><subfield code='b'>Verlag Beethoven Haus,</subfield><subfield code='c'>2003.</subfield></datafield><datafield ind1=' ' ind2=' ' tag='300'><subfield code='a'>2 v. of music :</subfield><subfield code='b'>facsim. ;</subfield><subfield code='c'>24 x 35 cm.</subfield></datafield><datafield ind1='1' ind2=' ' tag='490'><subfield code='a'>Veröffentlichungen des Beethoven-Hauses Bonn. Reihe III, Ausgewählte Handschriften in Faksimile-Ausgaben ;</subfield><subfield code='v'>Bd. 16.</subfield></datafield><datafield ind1=' ' ind2=' ' tag='500'><subfield code='a'>T.p. also in Japanese.</subfield></datafield><datafield ind1=' ' ind2=' ' tag='500'><subfield code='a'>Facsimiles of autograph BH 60 in the Beethoven-Haus, surviving sketches, and original edition.</subfield></datafield><datafield ind1=' ' ind2=' ' tag='500'><subfield code='a'>Includes sketch transcriptions, and commentary in German by Michael Ladenburger, with Japanese and English translations.</subfield></datafield><datafield ind1=' ' ind2=' ' tag='504'><subfield code='a'>Includes bibliographical references.</subfield></datafield><datafield ind1='0' ind2=' ' tag='505'><subfield code='a'>v. I. Autograph und Skizzen -- v. II. Erstdruck, Skizzentranscription, Kommentar.</subfield></datafield><datafield ind1='1' ind2='0' tag='600'><subfield code='a'>Beethoven, Ludwig van,</subfield><subfield code='d'>1770-1827</subfield><subfield code='x'>Manuscripts</subfield><subfield code='v'>Facsimiles.</subfield></datafield><datafield ind1=' ' ind2='0' tag='650'><subfield code='a'>Music</subfield><subfield code='x'>Manuscripts</subfield><subfield code='v'>Facsimiles.</subfield></datafield><datafield ind1=' ' ind2='0' tag='650'><subfield code='a'>Sonatas (Piano)</subfield></datafield><datafield ind1=' ' ind2='0' tag='650'><subfield code='a'>Musical sketches.</subfield></datafield><datafield ind1='1' ind2=' ' tag='700'><subfield code='a'>Ladenburger, Michael.</subfield></datafield><datafield ind1='2' ind2=' ' tag='710'><subfield code='a'>Beethoven-Haus (Bonn, Germany)</subfield></datafield><datafield ind1=' ' ind2='0' tag='830'><subfield code='a'>Veröffentlichungen des Beethovenhauses in Bonn.</subfield><subfield code='n'>Reihe 3,</subfield><subfield code='p'>Ausgewählte Handschriften in Faksimileausgaben ;</subfield><subfield code='v'>Bd. 16.</subfield></datafield><datafield ind1=' ' ind2=' ' tag='907'><subfield code='a'>.b28632564</subfield><subfield code='b'>p    </subfield><subfield code='c'>-</subfield></datafield><datafield ind1=' ' ind2=' ' tag='945'><subfield code='l'>pstk </subfield><subfield code='u'>v.v.1</subfield><subfield code='g'>1</subfield></datafield><datafield ind1=' ' ind2=' ' tag='945'><subfield code='l'>pstk </subfield><subfield code='u'>v.v.2</subfield><subfield code='g'>1</subfield></datafield><datafield ind1=' ' ind2=' ' tag='979'><subfield code='a'>ocm53423312</subfield></datafield><datafield ind1=' ' ind2=' ' tag='998'><subfield code='b'>0</subfield><subfield code='c'>051118</subfield><subfield code='d'>m</subfield><subfield code='e'>c</subfield><subfield code='f'>-</subfield><subfield code='g'>0</subfield></datafield><datafield ind1=' ' ind2=' ' tag='998'><subfield code='a'>11/18/05</subfield><subfield code='s'>RLIN</subfield><subfield code='c'>CDC</subfield></datafield><datafield ind1=' ' ind2=' ' tag='ADM'><subfield code='b'>2018-06-18 14:28:46</subfield><subfield code='e'>b28632564-01tuli_inst</subfield><subfield code='d'>ILS</subfield><subfield code='a'>2017-06-20 06:51:32</subfield><subfield code='c'>false</subfield></datafield><datafield ind1='0' ind2=' ' tag='HLD'><subfield code='b'>MAIN</subfield><subfield code='c'>stacks</subfield><subfield code='h'>M23</subfield><subfield code='i'>.B414 op.27 2003</subfield><subfield code='8'>22256016450003811</subfield></datafield><datafield ind1=' ' ind2=' ' tag='ITM'><subfield code='r'>22256016450003811</subfield><subfield code='b'>1</subfield><subfield code='h'>0</subfield><subfield code='g'>stacks</subfield><subfield code='t'>SCORE</subfield><subfield code='9'>39074017591397</subfield><subfield code='e'>stacks</subfield><subfield code='8'>23256016430003811</subfield><subfield code='c'>v.2</subfield><subfield code='a'>0</subfield><subfield code='q'>2017-06-20 06:51:32</subfield><subfield code='i'>M23 .B414 op.27 2003</subfield><subfield code='d'>MAIN</subfield><subfield code='f'>MAIN</subfield></datafield><datafield ind1=' ' ind2=' ' tag='ITM'><subfield code='r'>22256016450003811</subfield><subfield code='b'>1</subfield><subfield code='h'>0</subfield><subfield code='g'>stacks</subfield><subfield code='t'>SCORE</subfield><subfield code='9'>39074017591363</subfield><subfield code='e'>stacks</subfield><subfield code='8'>23256016440003811</subfield><subfield code='c'>v.1</subfield><subfield code='a'>0</subfield><subfield code='q'>2017-06-20 06:51:32</subfield><subfield code='i'>M23 .B414 op.27 2003</subfield><subfield code='d'>MAIN</subfield><subfield code='f'>MAIN</subfield></datafield></record>