
<record xmlns='http://www.loc.gov/MARC21/slim'><leader>00450camZa2200109zZZ4500</leader><controlfield tag='001'>991036776279403811</controlfield><controlfield tag='005'>20160606165234.0</controlfield><controlfield tag='008'>121018u1708uuuuuuuuu-|-o----u|----|eng-d</controlfield><datafield ind1=' ' ind2=' ' tag='035'><subfield code='a'>(CKB)3360000000309123</subfield></datafield><datafield ind1=' ' ind2=' ' tag='035'><subfield code='a'>(EXLCZ)993360000000309123</subfield></datafield><datafield ind1=' ' ind2='2' tag='245'><subfield code='a'>A sermon preached at Trinity-church in New-York, in America, August 13. 1706. at the funeral of the Right Honourable Katherine Lady Cornbury, Baroness Clifton of Leighton Bromswold, &amp;c. ... By John Sharp, ...</subfield></datafield><datafield ind1=' ' ind2=' ' tag='260'><subfield code='a'>London</subfield></datafield><datafield ind1=' ' ind2=' ' tag='906'><subfield code='a'>DOCUMENT</subfield></datafield><datafield ind1=' ' ind2=' ' tag='ADM'><subfield code='b'>2017-06-21 00:43:03</subfield><subfield code='e'>993360000000309123</subfield><subfield code='d'>NON_SFX</subfield><subfield code='a'>2012-02-25 22:14:17</subfield><subfield code='c'>false</subfield></datafield><datafield ind1=' ' ind2=' ' tag='PRT'><subfield code='a'>53359562850003811</subfield><subfield code='b'>https://sandbox01-na.alma.exlibrisgroup.com/view/uresolver/01TULI_INST/openurl?u.ignore_date_coverage=true&amp;rft.mms_id=991036776279403811</subfield><subfield code='e'>Galegroup</subfield><subfield code='9'>Available</subfield><subfield code='c'>Gale Eighteenth Century Collections Online I</subfield><subfield code='h'>613360000000000002</subfield><subfield code='8'>53359562850003811</subfield></datafield></record>