
<record xmlns='http://www.loc.gov/MARC21/slim'><leader>03288cjm a2200565Ia 4500</leader><controlfield tag='005'>20180315215858.0</controlfield><controlfield tag='006'>m||||||||h||||||||</controlfield><controlfield tag='007'>cr||na---||a|a</controlfield><controlfield tag='007'>sz|z|nnnnnzned</controlfield><controlfield tag='008'>100502r20101997enkmunn s        |n zxx d</controlfield><controlfield tag='001'>991036672309703811</controlfield><datafield ind1=' ' ind2=' ' tag='035'><subfield code='a'>(PPT)b55112900-01tuli_inst</subfield></datafield><datafield ind1=' ' ind2=' ' tag='035'><subfield code='a'>(VaAlASP)ASP932886/clmu</subfield><subfield code='9'>ExL</subfield></datafield><datafield ind1=' ' ind2=' ' tag='035'><subfield code='a'>(OCoLC)809793146</subfield></datafield><datafield ind1=' ' ind2=' ' tag='035'><subfield code='a'>(CaEvSKY)sky249983488</subfield></datafield><datafield ind1=' ' ind2=' ' tag='040'><subfield code='a'>NjBwBT</subfield><subfield code='b'>eng</subfield><subfield code='c'>JFN</subfield><subfield code='d'>JFN</subfield><subfield code='d'>OCLCQ</subfield><subfield code='d'>VaAlASP</subfield></datafield><datafield ind1=' ' ind2=' ' tag='047'><subfield code='a'>mz</subfield><subfield code='a'>wz</subfield></datafield><datafield ind1='1' ind2=' ' tag='100'><subfield code='a'>Chopin, Frédéric,</subfield><subfield code='d'>1810-1849.</subfield></datafield><datafield ind1='1' ind2='0' tag='240'><subfield code='a'>Piano music.</subfield><subfield code='k'>Selections</subfield></datafield><datafield ind1='1' ind2='0' tag='245'><subfield code='a'>Waltzes</subfield><subfield code='h'>[electronic resource] ;</subfield><subfield code='b'>Barcarolle in F sharp, op. 60 ; Nocturne in D flat, op. 27 no. 2 ; Mazurka in C sharp minor, op. 50 no. 3 /</subfield><subfield code='c'>Chopin.</subfield></datafield><datafield ind1=' ' ind2=' ' tag='260'><subfield code='a'>[London ;</subfield><subfield code='a'>New York, N.Y.] :</subfield><subfield code='b'>EMI Classics,</subfield><subfield code='c'>[2010], p1997.</subfield></datafield><datafield ind1=' ' ind2=' ' tag='300'><subfield code='a'>1 online resource (65 min.).</subfield></datafield><datafield ind1='0' ind2=' ' tag='490'><subfield code='a'>Classical music library</subfield></datafield><datafield ind1=' ' ind2=' ' tag='500'><subfield code='a'>Previously released as a compact disc.</subfield></datafield><datafield ind1=' ' ind2=' ' tag='500'><subfield code='a'>Selections originally released in 1950 (Waltzes and Mazurka), 1951 (Barcarolle), and 1947 (Nocturne).</subfield></datafield><datafield ind1='0' ind2=' ' tag='505'><subfield code='a'>14 waltzes. No. 4 in F major, op. 34, no. 3 ; No. 5 in A flat major, op. 42 ; No. 6 in D flat major, op. 64, no. 1 ; No. 9 in A flat major, op. 69, no. 1 ; No. 7 in C sharp minor, op. 64, no. 2 ; No. 11 in G flat major, op. 70, no. 1 ; No. 10 in B minor, op. 69, no. 2 ; No. 14 in E minor, op. posth. ; No. 3 in A minor, op. 34, no. 2 ; No. 8 in A flat major, op. 64, no. 3 ; No. 8 in A flat major, op. 64, no. 3 ; No. 13 in D flat major, op. 70, no. 3 ; No. 1 in E flat major, op. 18 ; No. 2 in A flat major, op. 34, no. 1 (45:50) -- Barcarolle (8:30) -- Nocturne op. 27, no. 2 (5:44) -- Mazurka op. 50, no. 3 (4:23).</subfield></datafield><datafield ind1='0' ind2=' ' tag='511'><subfield code='a'>Dinu Lipatti, piano.</subfield></datafield><datafield ind1=' ' ind2=' ' tag='518'><subfield code='a'>Recorded at Studio 2, Radio-Genève, Switzerland, July 2-12, 1950 (Waltzes &amp; Mazurka); and at No. 3 Studio, Abbey Road, London, Apr. 21, 1948 (Barcarolle), Feb. 20, 1947 (Nocturne).</subfield></datafield><datafield ind1=' ' ind2=' ' tag='533'><subfield code='a'>Electronic reproduction.</subfield><subfield code='b'>Alexandria, VA :</subfield><subfield code='c'>Alexander Street Press,</subfield><subfield code='d'>2011.</subfield><subfield code='f'>(Classical music library).</subfield><subfield code='n'>Available via World Wide Web.</subfield></datafield><datafield ind1=' ' ind2=' ' tag='590'><subfield code='a'>Access is available to the Temple Community through use of a networked computer with a Temple IP address.</subfield></datafield><datafield ind1=' ' ind2='0' tag='650'><subfield code='a'>Barcaroles.</subfield></datafield><datafield ind1=' ' ind2='0' tag='650'><subfield code='a'>Mazurkas.</subfield></datafield><datafield ind1=' ' ind2='0' tag='650'><subfield code='a'>Piano music.</subfield></datafield><datafield ind1=' ' ind2='0' tag='650'><subfield code='a'>Waltzes.</subfield></datafield><datafield ind1=' ' ind2='7' tag='655'><subfield code='a'>Sound recordings.</subfield><subfield code='2'>lcgft</subfield></datafield><datafield ind1='1' ind2=' ' tag='700'><subfield code='a'>Lapatti, Dinu,</subfield><subfield code='d'>1917-1950.</subfield><subfield code='4'>prf</subfield></datafield><datafield ind1='1' ind2='2' tag='700'><subfield code='a'>Chopin, Frédéric,</subfield><subfield code='d'>1810-1849.</subfield><subfield code='t'>Barcarolle,</subfield><subfield code='m'>piano,</subfield><subfield code='n'>op. 60,</subfield><subfield code='r'>F♯ major.</subfield></datafield><datafield ind1='1' ind2='2' tag='700'><subfield code='a'>Chopin, Frédéric,</subfield><subfield code='d'>1810-1849.</subfield><subfield code='t'>Mazurkas,</subfield><subfield code='m'>piano,</subfield><subfield code='n'>op. 50.</subfield><subfield code='n'>No. 3.</subfield></datafield><datafield ind1='1' ind2='2' tag='700'><subfield code='a'>Chopin, Frédéric,</subfield><subfield code='d'>1810-1849.</subfield><subfield code='t'>Nocturnes,</subfield><subfield code='m'>piano,</subfield><subfield code='n'>op. 27.</subfield><subfield code='n'>No. 2.</subfield></datafield><datafield ind1='1' ind2='2' tag='700'><subfield code='a'>Chopin, Frédéric,</subfield><subfield code='d'>1810-1849.</subfield><subfield code='t'>Waltzes,</subfield><subfield code='m'>piano.</subfield><subfield code='k'>Selections.</subfield></datafield><datafield ind1='2' ind2=' ' tag='710'><subfield code='a'>Alexander Street Press.</subfield></datafield><datafield ind1='1' ind2=' ' tag='776'><subfield code='c'>Original publisher catalog number</subfield><subfield code='o'>50999 9 65930 2 8</subfield></datafield><datafield ind1='1' ind2=' ' tag='776'><subfield code='c'>Original</subfield><subfield code='w'>(OCoLC)610520256</subfield></datafield><datafield ind1='1' ind2=' ' tag='776'><subfield code='c'>Original</subfield><subfield code='w'>(OCoLC)ocn610520256</subfield></datafield><datafield ind1='1' ind2=' ' tag='776'><subfield code='c'>Original</subfield><subfield code='z'>9786313484300</subfield><subfield code='w'>(OCoLC)610520256</subfield></datafield><datafield ind1='4' ind2='0' tag='856'><subfield code='z'>Access full text online.</subfield><subfield code='u'>http://libproxy.temple.edu/login?url=http://www.aspresolver.com/aspresolver.asp?CLMU;932886</subfield></datafield><datafield ind1=' ' ind2=' ' tag='902'><subfield code='a'>Classical Music Library 2013-10-30</subfield></datafield><datafield ind1=' ' ind2=' ' tag='907'><subfield code='a'>.b55112900</subfield><subfield code='b'>w    </subfield><subfield code='c'>-</subfield></datafield><datafield ind1=' ' ind2=' ' tag='945'><subfield code='l'>w    </subfield><subfield code='g'>1</subfield></datafield><datafield ind1=' ' ind2=' ' tag='998'><subfield code='b'>1</subfield><subfield code='c'>131109</subfield><subfield code='d'>m</subfield><subfield code='e'>j</subfield><subfield code='f'>-</subfield><subfield code='g'>0</subfield></datafield><datafield ind1=' ' ind2=' ' tag='ADM'><subfield code='b'>2018-06-21 07:13:53</subfield><subfield code='e'>b55112900-01tuli_inst</subfield><subfield code='d'>ILS</subfield><subfield code='a'>2017-06-20 12:25:03</subfield><subfield code='c'>false</subfield></datafield><datafield ind1=' ' ind2=' ' tag='PRT'><subfield code='a'>53381353200003811</subfield><subfield code='b'>https://sandbox01-na.alma.exlibrisgroup.com/view/uresolver/01TULI_INST/openurl?u.ignore_date_coverage=true&amp;rft.mms_id=991036672309703811</subfield><subfield code='f'>Access full text online.</subfield><subfield code='9'>Available</subfield><subfield code='d'>MAIN</subfield><subfield code='c'>Music Online: Classical Music Library</subfield><subfield code='8'>53381353200003811</subfield></datafield></record>