
<record xmlns='http://www.loc.gov/MARC21/slim'><leader>00926cam a2200289   4500</leader><controlfield tag='005'>20180618152252.0</controlfield><controlfield tag='008'>690219s1968    xx a          00000 eng d</controlfield><controlfield tag='001'>991006371989703811</controlfield><datafield ind1=' ' ind2=' ' tag='035'><subfield code='a'>(PPT)b19440364-01tuli_inst</subfield></datafield><datafield ind1=' ' ind2=' ' tag='035'><subfield code='a'>14492272</subfield><subfield code='9'>ExL</subfield></datafield><datafield ind1=' ' ind2=' ' tag='040'><subfield code='a'>NLM</subfield><subfield code='c'>NLM</subfield><subfield code='d'>m.c.</subfield><subfield code='d'>TMY</subfield></datafield><datafield ind1='9' ind2='8' tag='049'><subfield code='a'>TMYM</subfield><subfield code='b'>RA427 .S48 1968</subfield><subfield code='c'>1</subfield><subfield code='z'>39074500558242</subfield></datafield><datafield ind1='0' ind2=' ' tag='069'><subfield code='a'>0170734</subfield></datafield><datafield ind1='1' ind2='0' tag='100'><subfield code='a'>Sharp, C. L. E. H.</subfield><subfield code='q'>(Clive L. E. H.)</subfield></datafield><datafield ind1='1' ind2='0' tag='245'><subfield code='a'>Presymptomatic detection and early diagnosis;</subfield><subfield code='b'>a critical appraisal.  Edited by C. L. E. H. Sharp and Harry Keen.</subfield></datafield><datafield ind1=' ' ind2=' ' tag='260'><subfield code='a'>Baltimore,</subfield><subfield code='b'>Williams and Wilkins,</subfield><subfield code='c'>1968.</subfield></datafield><datafield ind1=' ' ind2=' ' tag='300'><subfield code='a'>xvi, 384 p.</subfield><subfield code='b'>illus.</subfield></datafield><datafield ind1=' ' ind2=' ' tag='350'><subfield code='a'>$19.00</subfield></datafield><datafield ind1=' ' ind2='0' tag='650'><subfield code='a'>Medical screening.</subfield></datafield><datafield ind1=' ' ind2='2' tag='650'><subfield code='a'>Diagnostic Services.</subfield></datafield><datafield ind1=' ' ind2='2' tag='650'><subfield code='a'>Mass Screening.</subfield></datafield><datafield ind1='1' ind2='0' tag='700'><subfield code='a'>Keen, Harry.</subfield></datafield><datafield ind1=' ' ind2=' ' tag='902'><subfield code='a'>100106</subfield></datafield><datafield ind1=' ' ind2=' ' tag='907'><subfield code='a'>.b19440364</subfield><subfield code='b'>k    </subfield><subfield code='c'>-</subfield></datafield><datafield ind1=' ' ind2=' ' tag='935'><subfield code='a'>AAP-3908</subfield></datafield><datafield ind1=' ' ind2=' ' tag='945'><subfield code='l'>khks </subfield><subfield code='a'>RA427 .S48 1968</subfield><subfield code='g'>1</subfield></datafield><datafield ind1=' ' ind2=' ' tag='998'><subfield code='b'>1</subfield><subfield code='c'>990605</subfield><subfield code='d'>m</subfield><subfield code='e'>a</subfield><subfield code='f'>-</subfield><subfield code='g'>0</subfield></datafield><datafield ind1=' ' ind2=' ' tag='ADM'><subfield code='b'>2018-06-18 19:22:52</subfield><subfield code='e'>b19440364-01tuli_inst</subfield><subfield code='d'>ILS</subfield><subfield code='a'>2017-06-20 10:22:14</subfield><subfield code='c'>false</subfield></datafield><datafield ind1='0' ind2=' ' tag='HLD'><subfield code='b'>KARDON</subfield><subfield code='c'>g_remote</subfield><subfield code='h'>RA427 .S48 1968</subfield><subfield code='8'>22302302540003811</subfield></datafield><datafield ind1=' ' ind2=' ' tag='ITM'><subfield code='r'>22302302540003811</subfield><subfield code='b'>1</subfield><subfield code='h'>0</subfield><subfield code='g'>g_remote</subfield><subfield code='t'>BOOK</subfield><subfield code='9'>39074500558242</subfield><subfield code='e'>g_remote</subfield><subfield code='8'>23302302530003811</subfield><subfield code='a'>0</subfield><subfield code='q'>2017-06-20 10:22:14</subfield><subfield code='i'>RA427 .S48 1968</subfield><subfield code='d'>KARDON</subfield><subfield code='f'>KARDON</subfield></datafield></record>