
<record xmlns='http://www.loc.gov/MARC21/slim'><leader>01615cam a2200325   4500</leader><controlfield tag='006'>m    |   j |      </controlfield><controlfield tag='007'>cr||n||||||||n</controlfield><controlfield tag='008'>801025s1755    ie |||| s     00||||eng d</controlfield><controlfield tag='005'>20180315184608.0</controlfield><controlfield tag='001'>991017354699703811</controlfield><datafield ind1=' ' ind2=' ' tag='035'><subfield code='a'>(PPT)b31285132-01tuli_inst</subfield></datafield><datafield ind1=' ' ind2=' ' tag='035'><subfield code='a'>(CStRLIN)ESTCT106744</subfield><subfield code='9'>ExL</subfield></datafield><datafield ind1=' ' ind2=' ' tag='040'><subfield code='a'>Uk-ES</subfield><subfield code='c'>Uk-ES</subfield><subfield code='d'>Cu-RivES</subfield><subfield code='d'>CStRLIN</subfield><subfield code='d'>Thomson Gale</subfield></datafield><datafield ind1='1' ind2=' ' tag='100'><subfield code='a'>Sharp, R.,</subfield><subfield code='d'>fl. 1755.</subfield></datafield><datafield ind1='1' ind2='2' tag='245'><subfield code='a'>A letter to the people of Ireland</subfield><subfield code='h'>[electronic resource];</subfield><subfield code='b'>on the present state of the Kingdom. Relative to the banks, &amp;c. By R. Sharp, Esq;</subfield></datafield><datafield ind1=' ' ind2=' ' tag='260'><subfield code='a'>Dublin :</subfield><subfield code='b'>printed in the year,</subfield><subfield code='c'>1755.</subfield></datafield><datafield ind1=' ' ind2=' ' tag='300'><subfield code='a'>14p. ;</subfield><subfield code='c'>8⁰.</subfield></datafield><datafield ind1=' ' ind2=' ' tag='500'><subfield code='a'>With a half-title.</subfield></datafield><datafield ind1=' ' ind2=' ' tag='500'><subfield code='a'>Reproduction of original from the British Library.</subfield></datafield><datafield ind1='4' ind2=' ' tag='510'><subfield code='a'>Goldsmiths&apos;,</subfield><subfield code='c'>9052</subfield></datafield><datafield ind1='4' ind2=' ' tag='510'><subfield code='a'>English Short Title Catalog,</subfield><subfield code='c'>ESTCT106744.</subfield></datafield><datafield ind1=' ' ind2=' ' tag='533'><subfield code='a'>Electronic reproduction.</subfield><subfield code='b'>Farmington Hills, Mich. :</subfield><subfield code='c'>Thomson Gale,</subfield><subfield code='d'>2003.</subfield><subfield code='n'>Available via the World Wide Web.</subfield><subfield code='n'>Access limited by licensing agreements</subfield><subfield code='7'>s2003    miunns</subfield></datafield><datafield ind1=' ' ind2=' ' tag='590'><subfield code='a'>Access is available to the Temple Community through use of a networked computer with a Temple IP address.</subfield></datafield><datafield ind1='0' ind2=' ' tag='773'><subfield code='t'>Eighteenth century collections online</subfield></datafield><datafield ind1='4' ind2='0' tag='856'><subfield code='u'>http://libproxy.temple.edu/login?url=http://galenet.galegroup.com/servlet/ECCO?c=1&amp;stp=Author&amp;ste=11&amp;af=BN&amp;ae=T106744&amp;tiPG=1&amp;dd=0&amp;dc=flc&amp;docNum=CW103790649&amp;vrsn=1.0&amp;srchtp=a&amp;d4=0.33&amp;n=10&amp;SU=0LRL+OR+0LRI&amp;locID=temple_main</subfield><subfield code='z'>Access full text online</subfield></datafield><datafield ind1=' ' ind2=' ' tag='902'><subfield code='a'>e-resource trial</subfield></datafield><datafield ind1=' ' ind2=' ' tag='907'><subfield code='a'>.b31285132</subfield><subfield code='b'>w    </subfield><subfield code='c'>-</subfield></datafield><datafield ind1=' ' ind2=' ' tag='945'><subfield code='l'>w    </subfield><subfield code='g'>1</subfield></datafield><datafield ind1=' ' ind2=' ' tag='998'><subfield code='b'>1</subfield><subfield code='c'>070128</subfield><subfield code='d'>m</subfield><subfield code='e'>@</subfield><subfield code='f'>-</subfield><subfield code='g'>2</subfield></datafield><datafield ind1=' ' ind2=' ' tag='998'><subfield code='b'>1</subfield><subfield code='c'>070128</subfield><subfield code='d'>m</subfield><subfield code='e'>a</subfield><subfield code='f'>n</subfield><subfield code='g'>2</subfield></datafield><datafield ind1=' ' ind2=' ' tag='ADM'><subfield code='b'>2018-03-15 22:46:08</subfield><subfield code='e'>b31285132-01tuli_inst</subfield><subfield code='d'>ILS</subfield><subfield code='a'>2017-06-20 07:08:45</subfield><subfield code='c'>false</subfield></datafield><datafield ind1=' ' ind2=' ' tag='PRT'><subfield code='a'>53385199250003811</subfield><subfield code='b'>https://sandbox01-na.alma.exlibrisgroup.com/view/uresolver/01TULI_INST/openurl?u.ignore_date_coverage=true&amp;rft.mms_id=991017354699703811</subfield><subfield code='f'>Access full text online</subfield><subfield code='9'>Available</subfield><subfield code='d'>MAIN</subfield><subfield code='c'>Eighteenth Century collections online</subfield><subfield code='8'>53385199250003811</subfield></datafield></record>