
<record xmlns='http://www.loc.gov/MARC21/slim'><leader>01356nam a2200373Ia 4500</leader><controlfield tag='005'>20170825232946.0</controlfield><controlfield tag='008'>120808s1952    dcu           001 0 eng d</controlfield><controlfield tag='001'>991029837729703811</controlfield><datafield ind1=' ' ind2=' ' tag='035'><subfield code='a'>(PPT)b52316166-01tuli_inst</subfield></datafield><datafield ind1=' ' ind2=' ' tag='035'><subfield code='a'>(OCoLC)805417227</subfield></datafield><datafield ind1=' ' ind2=' ' tag='035'><subfield code='a'>ocm28131188</subfield></datafield><datafield ind1=' ' ind2=' ' tag='035'><subfield code='a'>(OCLC)ocm28131188</subfield></datafield><datafield ind1=' ' ind2=' ' tag='040'><subfield code='a'>VG8</subfield><subfield code='c'>TULAW</subfield><subfield code='d'>OCL</subfield><subfield code='d'>OCLCQ</subfield></datafield><datafield ind1=' ' ind2=' ' tag='043'><subfield code='a'>n-us-dc</subfield></datafield><datafield ind1=' ' ind2=' ' tag='049'><subfield code='a'>TULA</subfield></datafield><datafield ind1=' ' ind2=' ' tag='079'><subfield code='a'>ocm28131188</subfield></datafield><datafield ind1=' ' ind2=' ' tag='090'><subfield code='a'>LC214.23</subfield><subfield code='b'>W3 .B66 1952</subfield></datafield><datafield ind1='1' ind2=' ' tag='100'><subfield code='a'>Bolling, Spottswood Thomas,</subfield><subfield code='e'>plaintiff.</subfield></datafield><datafield ind1='1' ind2='0' tag='245'><subfield code='a'>Spottswood Thomas Bolling, et al., petitioners, v. C. Melvin Sharpe, et al., respondents :</subfield><subfield code='b'>brief for respondents.</subfield></datafield><datafield ind1=' ' ind2=' ' tag='260'><subfield code='a'>Washington (D.C.) :</subfield><subfield code='b'>Division of Print. and Publications,</subfield><subfield code='c'>1952.</subfield></datafield><datafield ind1=' ' ind2=' ' tag='300'><subfield code='a'>68 p. ;</subfield><subfield code='c'>24 cm.</subfield></datafield><datafield ind1=' ' ind2=' ' tag='500'><subfield code='a'>Cover title.</subfield></datafield><datafield ind1=' ' ind2=' ' tag='500'><subfield code='a'>At head of title: Supreme Court of the United States, October term, 1952. No. 413.</subfield></datafield><datafield ind1=' ' ind2=' ' tag='500'><subfield code='a'>Includes an appendix: Revised statutes of the District of Columbia, 1874.</subfield></datafield><datafield ind1=' ' ind2=' ' tag='500'><subfield code='a'>Includes index.</subfield></datafield><datafield ind1='1' ind2='0' tag='600'><subfield code='a'>Bolling, Spottswood Thomas</subfield><subfield code='v'>Trials, litigation, etc.</subfield></datafield><datafield ind1='1' ind2='0' tag='600'><subfield code='a'>Sharpe, C. Melvin</subfield><subfield code='v'>Trials, litigation, etc.</subfield></datafield><datafield ind1=' ' ind2='0' tag='650'><subfield code='a'>Segregation in education</subfield><subfield code='z'>Washington (D.C.)</subfield></datafield><datafield ind1=' ' ind2=' ' tag='902'><subfield code='a'>161220</subfield></datafield><datafield ind1=' ' ind2=' ' tag='907'><subfield code='a'>.b52316166</subfield><subfield code='b'>l    </subfield><subfield code='c'>-</subfield></datafield><datafield ind1=' ' ind2=' ' tag='945'><subfield code='l'>lstk </subfield><subfield code='g'>1</subfield></datafield><datafield ind1=' ' ind2=' ' tag='979'><subfield code='a'>ocm28131188</subfield></datafield><datafield ind1=' ' ind2=' ' tag='998'><subfield code='b'>1</subfield><subfield code='c'>120808</subfield><subfield code='d'>m</subfield><subfield code='e'>a</subfield><subfield code='f'>-</subfield><subfield code='g'>0</subfield></datafield><datafield ind1=' ' ind2=' ' tag='998'><subfield code='b'>1</subfield><subfield code='c'>120808</subfield><subfield code='d'>m</subfield><subfield code='e'>a</subfield><subfield code='f'>-</subfield><subfield code='g'>0</subfield></datafield><datafield ind1=' ' ind2=' ' tag='ADM'><subfield code='b'>2018-06-20 03:10:50</subfield><subfield code='e'>b52316166-01tuli_inst</subfield><subfield code='d'>ILS</subfield><subfield code='a'>2017-06-20 06:57:36</subfield><subfield code='c'>false</subfield></datafield><datafield ind1='0' ind2=' ' tag='HLD'><subfield code='b'>LAW</subfield><subfield code='c'>closestack</subfield><subfield code='h'>LC214.23</subfield><subfield code='i'>W3 .B66 1952</subfield><subfield code='8'>22257994200003811</subfield></datafield><datafield ind1=' ' ind2=' ' tag='ITM'><subfield code='r'>22257994200003811</subfield><subfield code='b'>1</subfield><subfield code='h'>0</subfield><subfield code='g'>closestack</subfield><subfield code='t'>BOOK</subfield><subfield code='9'>39074804629731</subfield><subfield code='e'>closestack</subfield><subfield code='8'>23257994180003811</subfield><subfield code='a'>0</subfield><subfield code='q'>2017-06-20 06:57:36</subfield><subfield code='i'>LC214.23 W3 .B66 1952</subfield><subfield code='d'>LAW</subfield><subfield code='f'>LAW</subfield></datafield></record>