
<record xmlns='http://www.loc.gov/MARC21/slim'><leader>02453cam a22004454a 4500</leader><controlfield tag='005'>20180315145621.0</controlfield><controlfield tag='006'>m        d        </controlfield><controlfield tag='007'>cr cnu---unuuu</controlfield><controlfield tag='008'>050427s2004    inua    s     001 0 eng d</controlfield><controlfield tag='001'>991021347829703811</controlfield><datafield ind1=' ' ind2=' ' tag='020'><subfield code='a'>0768662923 (electronic bk.)</subfield></datafield><datafield ind1=' ' ind2=' ' tag='035'><subfield code='a'>(PPT)b32084845-01tuli_inst</subfield></datafield><datafield ind1=' ' ind2=' ' tag='035'><subfield code='a'>(OCoLC)ocm59716116 </subfield><subfield code='9'>ExL</subfield></datafield><datafield ind1=' ' ind2=' ' tag='040'><subfield code='a'>N$T</subfield><subfield code='c'>N$T</subfield><subfield code='d'>OCL</subfield></datafield><datafield ind1=' ' ind2=' ' tag='049'><subfield code='a'>GCLA</subfield></datafield><datafield ind1=' ' ind2=' ' tag='090'><subfield code='a'>QA76.76.M52</subfield><subfield code='b'>H64 2004eb</subfield></datafield><datafield ind1='1' ind2=' ' tag='100'><subfield code='a'>Hoffman, Kevin.</subfield></datafield><datafield ind1='1' ind2='0' tag='245'><subfield code='a'>C# programming</subfield><subfield code='h'>[electronic resource] :</subfield><subfield code='b'>evolution /</subfield><subfield code='c'>Kevin Hoffman.</subfield></datafield><datafield ind1='3' ind2='0' tag='246'><subfield code='a'>C sharp programming</subfield></datafield><datafield ind1=' ' ind2=' ' tag='260'><subfield code='a'>Indianapolis, Ind. :</subfield><subfield code='b'>SAMS,</subfield><subfield code='c'>c2004.</subfield></datafield><datafield ind1=' ' ind2=' ' tag='300'><subfield code='a'>vii, 305 p. :</subfield><subfield code='b'>ill. ;</subfield><subfield code='c'>23 cm. +</subfield><subfield code='e'>1 CD-ROM (4 3/4 in.)</subfield></datafield><datafield ind1=' ' ind2=' ' tag='500'><subfield code='a'>Includes index.</subfield></datafield><datafield ind1=' ' ind2=' ' tag='500'><subfield code='a'>CD-ROM includes .NET Framework v1.1 redistributable and software development kit and all source code for examples developed in book.</subfield></datafield><datafield ind1=' ' ind2=' ' tag='533'><subfield code='a'>Electronic reproduction.</subfield><subfield code='b'>Boulder, Colo. :</subfield><subfield code='c'>NetLibrary,</subfield><subfield code='d'>2005.</subfield><subfield code='n'>Available via World Wide Web.</subfield><subfield code='n'>Access may be limited to NetLibrary affiliated libraries.</subfield><subfield code='n'>Excludes data included on the CD-ROM that accompanied the original book.</subfield></datafield><datafield ind1=' ' ind2=' ' tag='536'><subfield code='a'>This netLibrary electronic book is provided through the Access Pennsylvania Database project, a statewide library union catalog funded by the Pennsylvania Legislature and administered by the Pennsylvania Department of Education, Office of Commonwealth Libraries, Bureau of Library Development.</subfield></datafield><datafield ind1=' ' ind2=' ' tag='590'><subfield code='a'>Access is available to the Temple Community through use of a networked computer with a Temple IP address.</subfield></datafield><datafield ind1=' ' ind2='0' tag='650'><subfield code='a'>C♯ (Computer program language)</subfield></datafield><datafield ind1=' ' ind2='0' tag='650'><subfield code='a'>Microsoft .NET Framework.</subfield></datafield><datafield ind1=' ' ind2='0' tag='650'><subfield code='a'>Relational databases</subfield><subfield code='v'>Case studies.</subfield></datafield><datafield ind1=' ' ind2='0' tag='650'><subfield code='a'>Application software</subfield><subfield code='x'>Development</subfield><subfield code='v'>Case studies.</subfield></datafield><datafield ind1=' ' ind2='0' tag='650'><subfield code='a'>Internet programming.</subfield></datafield><datafield ind1=' ' ind2='0' tag='655'><subfield code='a'>Electronic books.</subfield></datafield><datafield ind1='2' ind2=' ' tag='710'><subfield code='a'>EBSCO Publishing (Firm)</subfield></datafield><datafield ind1='0' ind2=' ' tag='730'><subfield code='a'>EBSCOhost eBook collection.</subfield></datafield><datafield ind1='1' ind2=' ' tag='776'><subfield code='c'>Original</subfield><subfield code='z'>0672326027</subfield><subfield code='w'>(DLC)  2004091249</subfield><subfield code='w'>(OCoLC)55675062</subfield></datafield><datafield ind1='4' ind2='0' tag='856'><subfield code='3'>Bibliographic record display</subfield><subfield code='u'>http://libproxy.temple.edu/login?url=http://www.netLibrary.com/urlapi.asp?action=summary&amp;v=&amp;bookid=128813</subfield><subfield code='z'>Click here to access this electronic book provided through the Access Pennsylvania Database project.</subfield></datafield><datafield ind1=' ' ind2=' ' tag='902'><subfield code='a'>Authority information changed to reflect Ebsco&apos;s purchase of NetLibrary in 2011; mrtl 2/16/15</subfield></datafield><datafield ind1=' ' ind2=' ' tag='907'><subfield code='a'>.b32084845</subfield><subfield code='b'>w    </subfield><subfield code='c'>-</subfield></datafield><datafield ind1=' ' ind2=' ' tag='945'><subfield code='l'>w    </subfield><subfield code='g'>1</subfield></datafield><datafield ind1=' ' ind2=' ' tag='998'><subfield code='b'>1</subfield><subfield code='c'>070203</subfield><subfield code='d'>m</subfield><subfield code='e'>@</subfield><subfield code='f'>-</subfield><subfield code='g'>0</subfield></datafield><datafield ind1=' ' ind2=' ' tag='ADM'><subfield code='b'>2018-03-15 18:56:21</subfield><subfield code='e'>b32084845-01tuli_inst</subfield><subfield code='d'>ILS</subfield><subfield code='a'>2017-06-20 07:03:43</subfield><subfield code='c'>false</subfield></datafield><datafield ind1=' ' ind2=' ' tag='PRT'><subfield code='a'>53368426390003811</subfield><subfield code='b'>https://sandbox01-na.alma.exlibrisgroup.com/view/uresolver/01TULI_INST/openurl?u.ignore_date_coverage=true&amp;rft.mms_id=991021347829703811</subfield><subfield code='f'>Click here to access this electronic book provided through the Access Pennsylvania Database project.</subfield><subfield code='9'>Available</subfield><subfield code='d'>MAIN</subfield><subfield code='c'>NetLibrary</subfield><subfield code='8'>53368426390003811</subfield></datafield></record>