
<record xmlns='http://www.loc.gov/MARC21/slim'><leader>01361camZa2200445zZZ4500</leader><controlfield tag='001'>991036795645103811</controlfield><controlfield tag='005'>20170814171626.0</controlfield><controlfield tag='008'>160829s2004    xx      o           eng d</controlfield><datafield ind1=' ' ind2=' ' tag='020'><subfield code='a'>1-280-84002-1</subfield></datafield><datafield ind1=' ' ind2=' ' tag='020'><subfield code='a'>9786610840021</subfield></datafield><datafield ind1=' ' ind2=' ' tag='020'><subfield code='a'>0-7686-6292-3</subfield></datafield><datafield ind1=' ' ind2=' ' tag='035'><subfield code='a'>(CKB)1000000000034762</subfield></datafield><datafield ind1=' ' ind2=' ' tag='035'><subfield code='a'>(SSID)ssj0000073996</subfield></datafield><datafield ind1=' ' ind2=' ' tag='035'><subfield code='a'>(PQKBManifestationID)12006287</subfield></datafield><datafield ind1=' ' ind2=' ' tag='035'><subfield code='a'>(PQKBTitleCode)TC0000073996</subfield></datafield><datafield ind1=' ' ind2=' ' tag='035'><subfield code='a'>(PQKBWorkID)10118489</subfield></datafield><datafield ind1=' ' ind2=' ' tag='035'><subfield code='a'>(PQKB)10321995</subfield></datafield><datafield ind1=' ' ind2=' ' tag='035'><subfield code='a'>(EXLCZ)991000000000034762</subfield></datafield><datafield ind1=' ' ind2=' ' tag='040'><subfield code='a'>PQKB</subfield></datafield><datafield ind1=' ' ind2=' ' tag='041'><subfield code='a'>eng</subfield></datafield><datafield ind1=' ' ind2='0' tag='050'><subfield code='a'>QA76.73.C154 H63 2004</subfield></datafield><datafield ind1=' ' ind2=' ' tag='082'><subfield code='a'>005.13/3</subfield></datafield><datafield ind1=' ' ind2=' ' tag='100'><subfield code='a'>Hoffman, Kevin</subfield><subfield code='e'>Author</subfield></datafield><datafield ind1='1' ind2='0' tag='245'><subfield code='a'>C♯ programming : evolution</subfield></datafield><datafield ind1='1' ind2=' ' tag='246'><subfield code='a'>C sharp programming</subfield></datafield><datafield ind1='3' ind2='1' tag='264'><subfield code='a'>[Place of publication not identified]</subfield><subfield code='b'>Sams</subfield><subfield code='c'>2004</subfield></datafield><datafield ind1=' ' ind2=' ' tag='336'><subfield code='a'>text</subfield><subfield code='b'>txt</subfield></datafield><datafield ind1=' ' ind2=' ' tag='337'><subfield code='a'>computer</subfield><subfield code='b'>c</subfield></datafield><datafield ind1=' ' ind2=' ' tag='338'><subfield code='a'>online resource</subfield><subfield code='b'>cr</subfield></datafield><datafield ind1=' ' ind2=' ' tag='500'><subfield code='a'>Bibliographic Level Mode of Issuance: Monograph</subfield></datafield><datafield ind1=' ' ind2=' ' tag='546'><subfield code='a'>English</subfield></datafield><datafield ind1=' ' ind2='0' tag='650'><subfield code='a'>C# (Computer program language)</subfield><subfield code='x'>Development</subfield><subfield code='v'>Case studies</subfield></datafield><datafield ind1=' ' ind2='0' tag='650'><subfield code='a'>Microsoft .NET Framework</subfield><subfield code='v'>Case studies</subfield></datafield><datafield ind1=' ' ind2='0' tag='650'><subfield code='a'>Relational databases</subfield></datafield><datafield ind1=' ' ind2='0' tag='650'><subfield code='a'>Application software</subfield></datafield><datafield ind1=' ' ind2='0' tag='650'><subfield code='a'>Internet programming</subfield></datafield><datafield ind1=' ' ind2='7' tag='650'><subfield code='a'>Engineering &amp; Applied Sciences</subfield><subfield code='2'>HILCC</subfield></datafield><datafield ind1=' ' ind2='7' tag='650'><subfield code='a'>Computer Science</subfield><subfield code='2'>HILCC</subfield></datafield><datafield ind1='2' ind2=' ' tag='710'><subfield code='a'>Safari Tech Books Online.</subfield></datafield><datafield ind1=' ' ind2=' ' tag='776'><subfield code='z'>0-672-32602-7</subfield></datafield><datafield ind1=' ' ind2=' ' tag='906'><subfield code='a'>BOOK</subfield></datafield><datafield ind1=' ' ind2=' ' tag='ADM'><subfield code='b'>2017-08-21 08:25:33</subfield><subfield code='e'>991000000000034762</subfield><subfield code='d'>NON_SFX</subfield><subfield code='f'>20160803134623.0</subfield><subfield code='a'>2012-02-26 00:57:57</subfield><subfield code='c'>false</subfield></datafield><datafield ind1=' ' ind2=' ' tag='PRT'><subfield code='a'>53364302140003811</subfield><subfield code='b'>https://sandbox01-na.alma.exlibrisgroup.com/view/uresolver/01TULI_INST/openurl?u.ignore_date_coverage=true&amp;rft.mms_id=991036795645103811</subfield><subfield code='e'>EBSCOhost</subfield><subfield code='9'>Available</subfield><subfield code='c'>EBSCOhost Ebooks</subfield><subfield code='h'>61111000211069000</subfield><subfield code='8'>53364302140003811</subfield></datafield></record>