
<record xmlns='http://www.loc.gov/MARC21/slim'><leader>01210nam a2200337 a 4500</leader><controlfield tag='001'>991036735961303811</controlfield><controlfield tag='005'>20070729180443.0</controlfield><controlfield tag='006'>m        d        </controlfield><controlfield tag='007'>cr zn|</controlfield><controlfield tag='008'>020320s2002    azua    s     001 0 eng d</controlfield><datafield ind1=' ' ind2=' ' tag='020'><subfield code='a'>1-932111-17-4</subfield></datafield><datafield ind1=' ' ind2=' ' tag='035'><subfield code='a'>(CKB)111086906343878</subfield></datafield><datafield ind1=' ' ind2=' ' tag='035'><subfield code='a'>(CtWfDGI)bks00001741</subfield></datafield><datafield ind1=' ' ind2=' ' tag='035'><subfield code='a'>(EXLCZ)99111086906343878</subfield></datafield><datafield ind1=' ' ind2=' ' tag='040'><subfield code='a'>CtWfDGI</subfield><subfield code='c'>CtWfDGI</subfield></datafield><datafield ind1='1' ind2='4' tag='050'><subfield code='a'>QA76.73.C154</subfield><subfield code='b'>T45 2002b</subfield></datafield><datafield ind1='0' ind2='4' tag='082'><subfield code='a'>005.13/3</subfield><subfield code='2'>21</subfield></datafield><datafield ind1='1' ind2=' ' tag='100'><subfield code='a'>Telles, Matthew A.</subfield></datafield><datafield ind1='1' ind2='0' tag='245'><subfield code='a'>C# black book</subfield><subfield code='h'>[electronic resource] /</subfield><subfield code='c'>Matthew Telles.</subfield></datafield><datafield ind1=' ' ind2=' ' tag='246'><subfield code='a'>C sharp black book</subfield></datafield><datafield ind1=' ' ind2=' ' tag='256'><subfield code='a'>Computer document.</subfield></datafield><datafield ind1=' ' ind2=' ' tag='260'><subfield code='a'>Scottsdale, Ariz. :</subfield><subfield code='b'>Coriolis Group Books ;</subfield><subfield code='a'>Phoenix, Ariz. :</subfield><subfield code='b'>for sale by Paraglyph Press,</subfield><subfield code='c'>c2002</subfield><subfield code='e'>(Norwood, Mass. :</subfield><subfield code='f'>Books24x7.com [generator])</subfield></datafield><datafield ind1=' ' ind2='0' tag='440'><subfield code='a'>Black book series</subfield></datafield><datafield ind1=' ' ind2=' ' tag='500'><subfield code='a'>Title from title screen.</subfield></datafield><datafield ind1=' ' ind2=' ' tag='500'><subfield code='a'>Includes index.</subfield></datafield><datafield ind1=' ' ind2=' ' tag='516'><subfield code='a'>Text.</subfield></datafield><datafield ind1=' ' ind2=' ' tag='530'><subfield code='a'>Available also in a print ed.</subfield></datafield><datafield ind1=' ' ind2=' ' tag='538'><subfield code='a'>Mode of access: Internet via World Wide Web.</subfield></datafield><datafield ind1=' ' ind2=' ' tag='550'><subfield code='a'>Digitized and made available by: Books 24x7.com.</subfield></datafield><datafield ind1=' ' ind2='0' tag='650'><subfield code='a'>C# (Computer program language)</subfield></datafield><datafield ind1=' ' ind2='7' tag='655'><subfield code='a'>Electronic books.</subfield><subfield code='2'>lcsh</subfield></datafield><datafield ind1='2' ind2=' ' tag='710'><subfield code='a'>Books24x7, Inc.</subfield></datafield><datafield ind1=' ' ind2=' ' tag='906'><subfield code='a'>BOOK</subfield></datafield><datafield ind1=' ' ind2=' ' tag='ADM'><subfield code='b'>2018-04-26 16:51:10</subfield><subfield code='e'>99111086906343878</subfield><subfield code='d'>NON_SFX</subfield><subfield code='a'>2012-02-25 23:52:57</subfield><subfield code='c'>false</subfield></datafield><datafield ind1=' ' ind2=' ' tag='PRT'><subfield code='a'>53421442310003811</subfield><subfield code='b'>https://sandbox01-na.alma.exlibrisgroup.com/view/uresolver/01TULI_INST/openurl?u.ignore_date_coverage=true&amp;rft.mms_id=991036735961303811</subfield><subfield code='e'>Ebook Central</subfield><subfield code='9'>Available</subfield><subfield code='c'>Ebook Central Academic Complete</subfield><subfield code='h'>614200000000000002</subfield><subfield code='8'>53421442310003811</subfield></datafield><datafield ind1=' ' ind2=' ' tag='PRT'><subfield code='a'>53424518250003811</subfield><subfield code='b'>https://sandbox01-na.alma.exlibrisgroup.com/view/uresolver/01TULI_INST/openurl?u.ignore_date_coverage=true&amp;rft.mms_id=991036735961303811</subfield><subfield code='e'>Ebook Central</subfield><subfield code='9'>Available</subfield><subfield code='c'>Ebook Central College Complete</subfield><subfield code='h'>614330000000000032</subfield><subfield code='8'>53424518250003811</subfield></datafield></record>