
<record xmlns='http://www.loc.gov/MARC21/slim'><leader>03714cam a2200637Ia 4500</leader><controlfield tag='005'>20180119103840.0</controlfield><controlfield tag='006'>m     o  d</controlfield><controlfield tag='007'>cr un|||||||||</controlfield><controlfield tag='008'>080715s2007    cau    fob    001 0 eng d</controlfield><controlfield tag='001'>991020402639703811</controlfield><datafield ind1=' ' ind2=' ' tag='020'><subfield code='a'>1430203382</subfield><subfield code='q'>(electronic bk.)</subfield></datafield><datafield ind1=' ' ind2=' ' tag='020'><subfield code='a'>9781430203384</subfield><subfield code='q'>(electronic bk.)</subfield></datafield><datafield ind1=' ' ind2=' ' tag='020'><subfield code='a'>1281205729</subfield></datafield><datafield ind1=' ' ind2=' ' tag='020'><subfield code='a'>9781281205728</subfield></datafield><datafield ind1=' ' ind2=' ' tag='020'><subfield code='z'>1590598733</subfield></datafield><datafield ind1=' ' ind2=' ' tag='020'><subfield code='z'>9781590598733</subfield></datafield><datafield ind1=' ' ind2=' ' tag='035'><subfield code='a'>(PPT)b49666356-01tuli_inst</subfield></datafield><datafield ind1=' ' ind2=' ' tag='035'><subfield code='a'>(OCoLC)233972915</subfield><subfield code='z'>(OCoLC)227337024</subfield><subfield code='z'>(OCoLC)273018975</subfield><subfield code='z'>(OCoLC)288198727</subfield><subfield code='z'>(OCoLC)607314542</subfield><subfield code='z'>(OCoLC)613482852</subfield><subfield code='z'>(OCoLC)648369471</subfield><subfield code='z'>(OCoLC)739167542</subfield><subfield code='z'>(OCoLC)756430331</subfield><subfield code='z'>(OCoLC)769042844</subfield><subfield code='z'>(OCoLC)781390074</subfield><subfield code='z'>(OCoLC)815552725</subfield><subfield code='z'>(OCoLC)858437962</subfield></datafield><datafield ind1=' ' ind2=' ' tag='037'><subfield code='a'>120572</subfield><subfield code='b'>MIL</subfield></datafield><datafield ind1=' ' ind2=' ' tag='040'><subfield code='a'>GW5XE</subfield><subfield code='b'>eng</subfield><subfield code='e'>pn</subfield><subfield code='c'>GW5XE</subfield><subfield code='d'>BUF</subfield><subfield code='d'>OCLCA</subfield><subfield code='d'>YNG</subfield><subfield code='d'>NUI</subfield><subfield code='d'>NRU</subfield><subfield code='d'>OCLCQ</subfield><subfield code='d'>IDEBK</subfield><subfield code='d'>OCLCQ</subfield><subfield code='d'>EBLCP</subfield><subfield code='d'>OCLCO</subfield><subfield code='d'>UMI</subfield><subfield code='d'>CEF</subfield><subfield code='d'>E7B</subfield><subfield code='d'>UBC</subfield><subfield code='d'>DEBSZ</subfield><subfield code='d'>OCLCQ</subfield><subfield code='d'>OCLCF</subfield><subfield code='d'>OCLCQ</subfield><subfield code='d'>BEDGE</subfield><subfield code='d'>OCLCA</subfield><subfield code='d'>OCLCQ</subfield><subfield code='d'>OCLCO</subfield><subfield code='d'>CNNAI</subfield><subfield code='d'>COO</subfield><subfield code='d'>OCL</subfield><subfield code='d'>YDXCP</subfield><subfield code='d'>AU@</subfield><subfield code='d'>SNK</subfield><subfield code='d'>OCLCQ</subfield><subfield code='d'>OCLCO</subfield><subfield code='d'>OCLCQ</subfield><subfield code='d'>OCLCO</subfield></datafield><datafield ind1=' ' ind2=' ' tag='049'><subfield code='a'>TEUU</subfield></datafield><datafield ind1=' ' ind2='7' tag='072'><subfield code='a'>UPG</subfield><subfield code='2'>bicssc</subfield></datafield><datafield ind1=' ' ind2=' ' tag='090'><subfield code='a'>QA76.73.C154</subfield><subfield code='b'>N37 2007eb</subfield></datafield><datafield ind1='1' ind2=' ' tag='100'><subfield code='a'>Nash, Trey.</subfield></datafield><datafield ind1='1' ind2='0' tag='245'><subfield code='a'>Accelerated C♯ 2008</subfield><subfield code='h'>[electronic resource] /</subfield><subfield code='c'>Trey Nash ; foreword by Wes Dyer.</subfield></datafield><datafield ind1='3' ind2=' ' tag='246'><subfield code='a'>Accelerated C sharp 2008</subfield></datafield><datafield ind1=' ' ind2=' ' tag='260'><subfield code='a'>Berkeley, CA :</subfield><subfield code='b'>Apress ;</subfield><subfield code='a'>New York :</subfield><subfield code='b'>Distributed to the Book trade worldwide by Springer-Verlag New York,</subfield><subfield code='c'>©2007.</subfield></datafield><datafield ind1=' ' ind2=' ' tag='300'><subfield code='a'>1 online resource (xxviii, 510 pages).</subfield></datafield><datafield ind1=' ' ind2=' ' tag='336'><subfield code='a'>text</subfield><subfield code='b'>txt</subfield><subfield code='2'>rdacontent</subfield></datafield><datafield ind1=' ' ind2=' ' tag='337'><subfield code='a'>computer</subfield><subfield code='b'>c</subfield><subfield code='2'>rdamedia</subfield></datafield><datafield ind1=' ' ind2=' ' tag='338'><subfield code='a'>online resource</subfield><subfield code='b'>cr</subfield><subfield code='2'>rdacarrier</subfield></datafield><datafield ind1='1' ind2=' ' tag='490'><subfield code='a'>The expert&apos;s voice in .NET</subfield></datafield><datafield ind1=' ' ind2=' ' tag='504'><subfield code='a'>Includes bibliographical references (pages 495-496) and index.</subfield></datafield><datafield ind1='0' ind2=' ' tag='505'><subfield code='a'>C♯ preview -- C♯ and the CLR -- C♯ syntax overview -- Classes, structs, and objects -- Interfaces and contracts -- Overloading operators -- Exception handling and exception safety -- Working with strings -- Arrays, collection types, and iterators -- Delegates, anonymous functions, and events -- Generics -- Threading in C♯ -- In search of C♯ canonical forms -- Extension methods -- Lambda expressions -- LINQ: language integrated query.</subfield></datafield><datafield ind1=' ' ind2=' ' tag='520'><subfield code='a'>In this rapid tutorial and permanent reference, Nash teaches both core C♯ language concepts and how to wisely employ C♯ idioms and object-oriented design patterns to exploit the power of C♯ and the CLR.</subfield></datafield><datafield ind1='0' ind2=' ' tag='588'><subfield code='a'>Print version record.</subfield></datafield><datafield ind1=' ' ind2=' ' tag='590'><subfield code='a'>Access is available to the Temple Community through use of a networked computer with a Temple IP address.</subfield></datafield><datafield ind1=' ' ind2='0' tag='650'><subfield code='a'>C# (Computer program language)</subfield></datafield><datafield ind1='0' ind2='0' tag='630'><subfield code='a'>Microsoft .NET Framework.</subfield></datafield><datafield ind1=' ' ind2='0' tag='650'><subfield code='a'>Object-oriented programming languages.</subfield></datafield><datafield ind1=' ' ind2='4' tag='650'><subfield code='a'>C♯ (Computer program language)</subfield></datafield><datafield ind1=' ' ind2='4' tag='650'><subfield code='a'>Microsoft .NET.</subfield></datafield><datafield ind1=' ' ind2='4' tag='650'><subfield code='a'>Object-oriented programming languages.</subfield></datafield><datafield ind1=' ' ind2='7' tag='650'><subfield code='a'>C♯ (Computer program language)</subfield><subfield code='2'>fast</subfield><subfield code='0'>(OCoLC)fst00843284</subfield></datafield><datafield ind1=' ' ind2='7' tag='650'><subfield code='a'>Microsoft .NET Framework.</subfield><subfield code='2'>fast</subfield><subfield code='0'>(OCoLC)fst01020083</subfield></datafield><datafield ind1=' ' ind2='7' tag='650'><subfield code='a'>Object-oriented programming languages.</subfield><subfield code='2'>fast</subfield><subfield code='0'>(OCoLC)fst01741387</subfield></datafield><datafield ind1=' ' ind2='4' tag='655'><subfield code='a'>Electronic books.</subfield></datafield><datafield ind1='2' ind2=' ' tag='710'><subfield code='a'>SpringerLink (Online service)</subfield></datafield><datafield ind1='0' ind2='8' tag='776'><subfield code='i'>Print version:</subfield><subfield code='a'>Nash, Trey.</subfield><subfield code='t'>Accelerated C♯ 2008.</subfield><subfield code='d'>Berkeley, CA : Apress : New York : Distributed to the book trade worldwide by Springer-Verlag New York, ©2007</subfield><subfield code='z'>9781590598733</subfield><subfield code='w'>(OCoLC)182523538</subfield></datafield><datafield ind1=' ' ind2='0' tag='830'><subfield code='a'>Expert&apos;s voice in .NET.</subfield></datafield><datafield ind1='4' ind2='0' tag='856'><subfield code='z'>Access full text online.</subfield><subfield code='u'>http://libproxy.temple.edu/login?url=http://libproxy.temple.edu/login?url=http://link.springer.com/10.1007/978-1-4302-0338-4</subfield></datafield><datafield ind1=' ' ind2=' ' tag='902'><subfield code='a'>170601</subfield></datafield><datafield ind1=' ' ind2=' ' tag='902'><subfield code='a'>SpringerLink 2015-09-30</subfield></datafield><datafield ind1=' ' ind2=' ' tag='907'><subfield code='a'>.b49666356</subfield><subfield code='b'>w</subfield><subfield code='c'>-</subfield></datafield><datafield ind1=' ' ind2=' ' tag='945'><subfield code='l'>w</subfield><subfield code='g'>1</subfield></datafield><datafield ind1=' ' ind2=' ' tag='998'><subfield code='b'>0</subfield><subfield code='c'>110925</subfield><subfield code='d'>m</subfield><subfield code='e'>@</subfield><subfield code='f'>-</subfield><subfield code='g'>0</subfield></datafield><datafield ind1=' ' ind2=' ' tag='ADM'><subfield code='b'>2018-01-19 15:38:40</subfield><subfield code='e'>b49666356-01tuli_inst</subfield><subfield code='d'>ILS</subfield><subfield code='a'>2017-06-20 13:33:07</subfield><subfield code='c'>false</subfield></datafield><datafield ind1=' ' ind2=' ' tag='PRT'><subfield code='a'>53373946700003811</subfield><subfield code='b'>https://sandbox01-na.alma.exlibrisgroup.com/view/uresolver/01TULI_INST/openurl?u.ignore_date_coverage=true&amp;rft.mms_id=991020402639703811</subfield><subfield code='f'>Access full text online.</subfield><subfield code='9'>Available</subfield><subfield code='d'>MAIN</subfield><subfield code='c'>SpringerLink Ebooks</subfield><subfield code='8'>53373946700003811</subfield></datafield></record>