
<record xmlns='http://www.loc.gov/MARC21/slim'><leader>01196cam a2200385 a 4500</leader><controlfield tag='005'>20180315193632.0</controlfield><controlfield tag='008'>061005s2006    cau      b    001 0 eng c</controlfield><controlfield tag='001'>991024696279703811</controlfield><datafield ind1=' ' ind2=' ' tag='020'><subfield code='a'>1590597176 (pbk.)</subfield></datafield><datafield ind1=' ' ind2=' ' tag='020'><subfield code='a'>9781590597170 (pbk.)</subfield></datafield><datafield ind1=' ' ind2=' ' tag='035'><subfield code='a'>(PPT)b3282547x-01tuli_inst</subfield></datafield><datafield ind1=' ' ind2=' ' tag='035'><subfield code='a'>(OCoLC)ocn492158293</subfield><subfield code='9'>ExL</subfield></datafield><datafield ind1=' ' ind2=' ' tag='035'><subfield code='a'>(OCoLC)71891153</subfield></datafield><datafield ind1=' ' ind2=' ' tag='035'><subfield code='a'>71891153</subfield></datafield><datafield ind1=' ' ind2=' ' tag='035'><subfield code='a'>ocm71891153</subfield></datafield><datafield ind1=' ' ind2=' ' tag='035'><subfield code='a'>(OCLC)ocm71891153</subfield></datafield><datafield ind1=' ' ind2=' ' tag='040'><subfield code='a'>YDXCP</subfield><subfield code='c'>YDXCP</subfield><subfield code='d'>OCLCQ</subfield><subfield code='d'>DAY</subfield><subfield code='d'>BTCTA</subfield><subfield code='d'>OCLCA</subfield><subfield code='d'>PPT</subfield></datafield><datafield ind1=' ' ind2=' ' tag='042'><subfield code='a'>pcc</subfield></datafield><datafield ind1=' ' ind2=' ' tag='079'><subfield code='a'>ocm71891153</subfield></datafield><datafield ind1=' ' ind2=' ' tag='090'><subfield code='a'>QA76.73.C154</subfield><subfield code='b'>N37 2006</subfield></datafield><datafield ind1='1' ind2=' ' tag='100'><subfield code='a'>Nash, Trey.</subfield></datafield><datafield ind1='1' ind2='0' tag='245'><subfield code='a'>Accelerated C# 2005 /</subfield><subfield code='c'>Trey Nash.</subfield></datafield><datafield ind1='3' ind2=' ' tag='246'><subfield code='a'>Accelerated C sharp 2005</subfield></datafield><datafield ind1=' ' ind2=' ' tag='260'><subfield code='a'>Berkeley, CA  :</subfield><subfield code='b'>Apress,</subfield><subfield code='c'>c2006.</subfield></datafield><datafield ind1=' ' ind2=' ' tag='300'><subfield code='a'>xxv, 401 p. ;</subfield><subfield code='c'>24 cm.</subfield></datafield><datafield ind1=' ' ind2='4' tag='440'><subfield code='a'>The Expert&apos;s voice in .NET.</subfield></datafield><datafield ind1=' ' ind2=' ' tag='504'><subfield code='a'>Includes bibliographical references (p. 391-392) and index.</subfield></datafield><datafield ind1=' ' ind2='0' tag='650'><subfield code='a'>C♯ (Computer program language)</subfield></datafield><datafield ind1='0' ind2='0' tag='630'><subfield code='a'>Microsoft .NET Framework.</subfield></datafield><datafield ind1=' ' ind2='0' tag='650'><subfield code='a'>Object-oriented programming languages.</subfield></datafield><datafield ind1=' ' ind2=' ' tag='907'><subfield code='a'>.b3282547x</subfield><subfield code='b'>p</subfield><subfield code='c'>-</subfield></datafield><datafield ind1=' ' ind2=' ' tag='945'><subfield code='l'>pstk</subfield><subfield code='g'>1</subfield></datafield><datafield ind1=' ' ind2=' ' tag='979'><subfield code='a'>ocm71891153</subfield></datafield><datafield ind1=' ' ind2=' ' tag='998'><subfield code='b'>0</subfield><subfield code='c'>080613</subfield><subfield code='d'>m</subfield><subfield code='e'>a</subfield><subfield code='f'>-</subfield><subfield code='g'>0</subfield></datafield><datafield ind1=' ' ind2=' ' tag='998'><subfield code='a'>06/13/08</subfield><subfield code='s'>OCLC</subfield><subfield code='c'>cep</subfield></datafield><datafield ind1=' ' ind2=' ' tag='ADM'><subfield code='b'>2018-06-19 19:57:15</subfield><subfield code='e'>b3282547x-01tuli_inst</subfield><subfield code='d'>ILS</subfield><subfield code='a'>2017-06-20 12:20:13</subfield><subfield code='c'>false</subfield></datafield><datafield ind1='0' ind2=' ' tag='HLD'><subfield code='b'>MAIN</subfield><subfield code='c'>stacks</subfield><subfield code='h'>QA76.73.C154</subfield><subfield code='i'>N37 2006</subfield><subfield code='8'>22317420410003811</subfield></datafield><datafield ind1=' ' ind2=' ' tag='ITM'><subfield code='r'>22317420410003811</subfield><subfield code='b'>1</subfield><subfield code='h'>0</subfield><subfield code='g'>stacks</subfield><subfield code='t'>BOOK</subfield><subfield code='9'>39074023877954</subfield><subfield code='e'>stacks</subfield><subfield code='8'>23317420400003811</subfield><subfield code='a'>0</subfield><subfield code='q'>2017-06-20 12:20:13</subfield><subfield code='i'>QA76.73.C154 N37 2006</subfield><subfield code='d'>MAIN</subfield><subfield code='f'>MAIN</subfield></datafield></record>