
<record xmlns='http://www.loc.gov/MARC21/slim'><leader>02198nam a2200313   4500</leader><controlfield tag='006'>m    |  j|     </controlfield><controlfield tag='007'>cr||n||||||||n</controlfield><controlfield tag='008'>850411s1706    xxu|||| s     00| | eng d</controlfield><controlfield tag='005'>20180315192654.0</controlfield><controlfield tag='001'>991022690979703811</controlfield><datafield ind1=' ' ind2=' ' tag='035'><subfield code='a'>(PPT)b3235423x-01tuli_inst</subfield></datafield><datafield ind1=' ' ind2=' ' tag='035'><subfield code='a'>(CStRLIN)ESTCW29288</subfield><subfield code='9'>ExL</subfield></datafield><datafield ind1=' ' ind2=' ' tag='040'><subfield code='a'>MWA</subfield><subfield code='c'>MWA</subfield><subfield code='d'>Cu-RivES</subfield><subfield code='d'>CStRLIN</subfield><subfield code='d'>Thomson Gale</subfield></datafield><datafield ind1='1' ind2=' ' tag='100'><subfield code='a'>Sharp, John,</subfield><subfield code='c'>A.M. Chaplain to the Queen&apos;s forces in the province of New-York.</subfield></datafield><datafield ind1='1' ind2='2' tag='245'><subfield code='a'>A sermon preached at Trinity Church in New-York in America, August 13, 1706</subfield><subfield code='h'>[electronic resource],</subfield><subfield code='b'>at the funeral of the Right Honourable Katherine Lady Cornbury, Barroness [sic] Clifton of Leighton Bromswold, &amp;c. Heiress to the most noble Charles Duke of Richmond and Lenox; and wife to His Excellency Edward Lord Viscount Cornbury, Her Majesties captain general and governour in chief of the provinces of New-York, New-Jersey, and territories depending thereon in America, &amp;c. By John Sharp, A.M. Chaplain to the Queen&apos;s forces in the province of New-York, 1706.</subfield></datafield><datafield ind1=' ' ind2=' ' tag='260'><subfield code='a'>[New York] :</subfield><subfield code='b'>Printed and sold by William Bradford at the Bible in New-York,</subfield><subfield code='c'>1706.</subfield></datafield><datafield ind1=' ' ind2=' ' tag='300'><subfield code='a'>2,[2],20p. ;</subfield><subfield code='c'>4⁰.</subfield></datafield><datafield ind1=' ' ind2=' ' tag='500'><subfield code='a'>Half-title: &apos;A sermon preached at the funeral of the Right Honourable Katherine Lady Cornbury, the 13th of August, 1706.&apos;.</subfield></datafield><datafield ind1=' ' ind2=' ' tag='500'><subfield code='a'>Reproduction of original from the British Library.</subfield></datafield><datafield ind1='4' ind2=' ' tag='510'><subfield code='a'>Evans,</subfield><subfield code='c'>1280</subfield></datafield><datafield ind1='4' ind2=' ' tag='510'><subfield code='a'>English Short Title Catalog,</subfield><subfield code='c'>ESTCW29288.</subfield></datafield><datafield ind1=' ' ind2=' ' tag='533'><subfield code='a'>Electronic reproduction.</subfield><subfield code='b'>Farmington Hills, Mich. :</subfield><subfield code='c'>Thomson Gale,</subfield><subfield code='d'>2003.</subfield><subfield code='n'>Available via the World Wide Web.</subfield><subfield code='n'>Access limited by licensing agreements</subfield><subfield code='7'>s2003    miunns</subfield></datafield><datafield ind1=' ' ind2=' ' tag='590'><subfield code='a'>Access is available to the Temple Community through use of a networked computer with a Temple IP address.</subfield></datafield><datafield ind1='0' ind2=' ' tag='773'><subfield code='t'>Eighteenth century collections online</subfield></datafield><datafield ind1='4' ind2='0' tag='856'><subfield code='u'>http://libproxy.temple.edu/login?url=http://galenet.galegroup.com/servlet/ECCO?c=1&amp;stp=Author&amp;ste=11&amp;af=BN&amp;ae=W029288&amp;tiPG=1&amp;dd=0&amp;dc=flc&amp;docNum=CW120795875&amp;vrsn=1.0&amp;srchtp=a&amp;d4=0.33&amp;n=10&amp;SU=0LRF&amp;locID=temple_main</subfield><subfield code='z'>Access full text online</subfield></datafield><datafield ind1=' ' ind2=' ' tag='907'><subfield code='a'>.b3235423x</subfield><subfield code='b'>w    </subfield><subfield code='c'>-</subfield></datafield><datafield ind1=' ' ind2=' ' tag='945'><subfield code='l'>w    </subfield><subfield code='g'>1</subfield></datafield><datafield ind1=' ' ind2=' ' tag='998'><subfield code='b'>1</subfield><subfield code='c'>070204</subfield><subfield code='d'>m</subfield><subfield code='e'>@</subfield><subfield code='f'>-</subfield><subfield code='g'>2</subfield></datafield><datafield ind1=' ' ind2=' ' tag='998'><subfield code='b'>1</subfield><subfield code='c'>070204</subfield><subfield code='d'>m</subfield><subfield code='e'>a</subfield><subfield code='f'>n</subfield><subfield code='g'>2</subfield></datafield><datafield ind1=' ' ind2=' ' tag='ADM'><subfield code='b'>2018-03-15 23:26:54</subfield><subfield code='e'>b3235423x-01tuli_inst</subfield><subfield code='d'>ILS</subfield><subfield code='a'>2017-06-20 06:36:54</subfield><subfield code='c'>false</subfield></datafield><datafield ind1=' ' ind2=' ' tag='PRT'><subfield code='a'>53369308240003811</subfield><subfield code='b'>https://sandbox01-na.alma.exlibrisgroup.com/view/uresolver/01TULI_INST/openurl?u.ignore_date_coverage=true&amp;rft.mms_id=991022690979703811</subfield><subfield code='f'>Access full text online</subfield><subfield code='9'>Available</subfield><subfield code='d'>MAIN</subfield><subfield code='c'>Eighteenth Century collections online</subfield><subfield code='8'>53369308240003811</subfield></datafield></record>