
<record xmlns='http://www.loc.gov/MARC21/slim'><leader>03589cam a2200673Ia 4500</leader><controlfield tag='005'>20180119103841.0</controlfield><controlfield tag='006'>m     o  d</controlfield><controlfield tag='007'>cr cn|||||||||</controlfield><controlfield tag='008'>100524s2010    nyua    ob    001 0 eng d</controlfield><controlfield tag='001'>991020780059703811</controlfield><datafield ind1=' ' ind2=' ' tag='020'><subfield code='a'>9781430225386</subfield></datafield><datafield ind1=' ' ind2=' ' tag='020'><subfield code='a'>1430225386</subfield></datafield><datafield ind1=' ' ind2=' ' tag='020'><subfield code='z'>9781430225379 (pbk.)</subfield></datafield><datafield ind1=' ' ind2=' ' tag='020'><subfield code='z'>1430225378 (pbk.)</subfield></datafield><datafield ind1=' ' ind2=' ' tag='035'><subfield code='a'>(PPT)b49744653-01tuli_inst</subfield></datafield><datafield ind1=' ' ind2=' ' tag='035'><subfield code='a'>(OCoLC)630057595</subfield><subfield code='z'>(OCoLC)558447481</subfield><subfield code='z'>(OCoLC)647912743</subfield><subfield code='z'>(OCoLC)654812094</subfield><subfield code='z'>(OCoLC)771447025</subfield><subfield code='z'>(OCoLC)771447026</subfield><subfield code='z'>(OCoLC)827755321</subfield><subfield code='z'>(OCoLC)880314684</subfield></datafield><datafield ind1=' ' ind2=' ' tag='037'><subfield code='a'>978-1-4302-2537-9</subfield><subfield code='b'>Springer</subfield><subfield code='n'>http://www.springerlink.com</subfield></datafield><datafield ind1=' ' ind2=' ' tag='040'><subfield code='a'>GW5XE</subfield><subfield code='b'>eng</subfield><subfield code='e'>pn</subfield><subfield code='c'>GW5XE</subfield><subfield code='d'>OCLCA</subfield><subfield code='d'>CDX</subfield><subfield code='d'>GA0</subfield><subfield code='d'>OCLCQ</subfield><subfield code='d'>EBLCP</subfield><subfield code='d'>MHW</subfield><subfield code='d'>OCLCQ</subfield><subfield code='d'>STF</subfield><subfield code='d'>CUS</subfield><subfield code='d'>UMI</subfield><subfield code='d'>CEF</subfield><subfield code='d'>E7B</subfield><subfield code='d'>B24X7</subfield><subfield code='d'>DEBSZ</subfield><subfield code='d'>OCLCO</subfield><subfield code='d'>YDXCP</subfield><subfield code='d'>OCLCQ</subfield><subfield code='d'>OCLCF</subfield><subfield code='d'>OCLCQ</subfield><subfield code='d'>BEDGE</subfield><subfield code='d'>OCLCA</subfield><subfield code='d'>OCLCQ</subfield><subfield code='d'>OCLCO</subfield><subfield code='d'>SLY</subfield></datafield><datafield ind1=' ' ind2=' ' tag='049'><subfield code='a'>TEUU</subfield></datafield><datafield ind1=' ' ind2=' ' tag='090'><subfield code='a'>QA76.73.C154</subfield><subfield code='b'>N37 2010</subfield></datafield><datafield ind1='1' ind2=' ' tag='100'><subfield code='a'>Nash, Trey.</subfield></datafield><datafield ind1='1' ind2='0' tag='245'><subfield code='a'>Accelerated C♯ 2010</subfield><subfield code='h'>[electronic resource] /</subfield><subfield code='c'>Trey Nash.</subfield></datafield><datafield ind1='3' ind2=' ' tag='246'><subfield code='a'>Accelerated C sharp 2010</subfield></datafield><datafield ind1='3' ind2='0' tag='246'><subfield code='a'>C♯ 2010</subfield></datafield><datafield ind1='3' ind2=' ' tag='246'><subfield code='a'>C sharp 2010</subfield></datafield><datafield ind1=' ' ind2=' ' tag='260'><subfield code='a'>New York, NY :</subfield><subfield code='b'>Apress,</subfield><subfield code='c'>©2010.</subfield></datafield><datafield ind1=' ' ind2=' ' tag='300'><subfield code='a'>1 online resource (xxvii, 627 pages) :</subfield><subfield code='b'>illustrations.</subfield></datafield><datafield ind1=' ' ind2=' ' tag='336'><subfield code='a'>text</subfield><subfield code='b'>txt</subfield><subfield code='2'>rdacontent</subfield></datafield><datafield ind1=' ' ind2=' ' tag='337'><subfield code='a'>computer</subfield><subfield code='b'>c</subfield><subfield code='2'>rdamedia</subfield></datafield><datafield ind1=' ' ind2=' ' tag='338'><subfield code='a'>online resource</subfield><subfield code='b'>cr</subfield><subfield code='2'>rdacarrier</subfield></datafield><datafield ind1='1' ind2=' ' tag='490'><subfield code='a'>The expert&apos;s voice in C♯</subfield></datafield><datafield ind1=' ' ind2=' ' tag='500'><subfield code='a'>&quot;The fast way to the latest and greatest in C♯ programming and .NET 4.0&quot;--Cover.</subfield></datafield><datafield ind1=' ' ind2=' ' tag='504'><subfield code='a'>Includes bibliographical references and index.</subfield></datafield><datafield ind1=' ' ind2=' ' tag='520'><subfield code='a'>C♯ 2010 offers powerful new features, and this book is the fastest path to mastering them-and the rest of C♯-for both experienced C♯ programmers moving to C♯ 2010 and programmers moving to C♯ from another object-oriented language. Many books introduce C♯, but very few also explain how to use it optimally with the .NET Common Language Runtime (CLR). This book teaches both core C♯ language concepts and how to wisely employ C♯ idioms and object-oriented design patterns to exploit the power of C♯ and the CLR. This book is both a rapid tutorial and a permanent reference. You&apos;ll quickly master C♯ sy.</subfield></datafield><datafield ind1='0' ind2=' ' tag='588'><subfield code='a'>Print version record.</subfield></datafield><datafield ind1=' ' ind2=' ' tag='590'><subfield code='a'>Access is available to the Temple Community through use of a networked computer with a Temple IP address.</subfield></datafield><datafield ind1=' ' ind2='0' tag='650'><subfield code='a'>C# (Computer program language)</subfield></datafield><datafield ind1='0' ind2='0' tag='630'><subfield code='a'>Microsoft .NET Framework.</subfield></datafield><datafield ind1=' ' ind2='0' tag='650'><subfield code='a'>Object-oriented programming languages.</subfield></datafield><datafield ind1=' ' ind2='4' tag='650'><subfield code='a'>Computer science.</subfield></datafield><datafield ind1=' ' ind2='4' tag='650'><subfield code='a'>C♯ (Computer program language)</subfield></datafield><datafield ind1=' ' ind2='4' tag='650'><subfield code='a'>Microsoft .NET.</subfield></datafield><datafield ind1=' ' ind2='4' tag='650'><subfield code='a'>Object-oriented programming languages.</subfield></datafield><datafield ind1=' ' ind2='6' tag='650'><subfield code='a'>C♯ (Langage de programmation)</subfield></datafield><datafield ind1=' ' ind2='6' tag='650'><subfield code='a'>Microsoft .NET.</subfield></datafield><datafield ind1=' ' ind2='6' tag='650'><subfield code='a'>Langages orientés objet (Informatique)</subfield></datafield><datafield ind1=' ' ind2='7' tag='650'><subfield code='a'>C♯ (Computer program language)</subfield><subfield code='2'>fast</subfield><subfield code='0'>(OCoLC)fst00843284</subfield></datafield><datafield ind1=' ' ind2='7' tag='650'><subfield code='a'>Microsoft .NET.</subfield><subfield code='2'>fast</subfield><subfield code='0'>(OCoLC)fst01020082</subfield></datafield><datafield ind1=' ' ind2='7' tag='650'><subfield code='a'>Object-oriented programming languages.</subfield><subfield code='2'>fast</subfield><subfield code='0'>(OCoLC)fst01741387</subfield></datafield><datafield ind1=' ' ind2='4' tag='655'><subfield code='a'>Electronic books.</subfield></datafield><datafield ind1='2' ind2=' ' tag='710'><subfield code='a'>SpringerLink (Online service)</subfield></datafield><datafield ind1='0' ind2='8' tag='776'><subfield code='i'>Print version:</subfield><subfield code='a'>Nash, Trey.</subfield><subfield code='t'>Accelerated C♯ 2010.</subfield><subfield code='d'>New York, NY : Apress, ©2010</subfield><subfield code='z'>9781430225379</subfield><subfield code='z'>1430225378</subfield><subfield code='w'>(OCoLC)419873950</subfield></datafield><datafield ind1=' ' ind2='0' tag='830'><subfield code='a'>Expert&apos;s voice in C#.</subfield></datafield><datafield ind1='4' ind2='0' tag='856'><subfield code='z'>Access full text online.</subfield><subfield code='u'>http://libproxy.temple.edu/login?url=http://link.springer.com/10.1007/978-1-4302-2538-6</subfield></datafield><datafield ind1=' ' ind2=' ' tag='902'><subfield code='a'>170601</subfield></datafield><datafield ind1=' ' ind2=' ' tag='902'><subfield code='a'>SpringerLink 2015-09-30</subfield></datafield><datafield ind1=' ' ind2=' ' tag='907'><subfield code='a'>.b49744653</subfield><subfield code='b'>w</subfield><subfield code='c'>-</subfield></datafield><datafield ind1=' ' ind2=' ' tag='945'><subfield code='l'>w</subfield><subfield code='g'>1</subfield></datafield><datafield ind1=' ' ind2=' ' tag='998'><subfield code='b'>0</subfield><subfield code='c'>110925</subfield><subfield code='d'>m</subfield><subfield code='e'>@</subfield><subfield code='f'>-</subfield><subfield code='g'>0</subfield></datafield><datafield ind1=' ' ind2=' ' tag='ADM'><subfield code='b'>2018-01-19 15:38:41</subfield><subfield code='e'>b49744653-01tuli_inst</subfield><subfield code='d'>ILS</subfield><subfield code='a'>2017-06-20 06:00:55</subfield><subfield code='c'>false</subfield></datafield><datafield ind1=' ' ind2=' ' tag='PRT'><subfield code='a'>53374823030003811</subfield><subfield code='b'>https://sandbox01-na.alma.exlibrisgroup.com/view/uresolver/01TULI_INST/openurl?u.ignore_date_coverage=true&amp;rft.mms_id=991020780059703811</subfield><subfield code='f'>Access full text online.</subfield><subfield code='9'>Available</subfield><subfield code='d'>MAIN</subfield><subfield code='c'>SpringerLink Ebooks</subfield><subfield code='8'>53374823030003811</subfield></datafield></record>