
<record xmlns='http://www.loc.gov/MARC21/slim'><leader>03503cam a2200721Ia 4500</leader><controlfield tag='005'>20150320070532.7</controlfield><controlfield tag='006'>m     o  d        </controlfield><controlfield tag='007'>cr cn|||||||||</controlfield><controlfield tag='008'>100909s2010    nyua    o     001 0 eng d</controlfield><controlfield tag='001'>991020866779703811</controlfield><datafield ind1=' ' ind2=' ' tag='020'><subfield code='a'>9781430225263</subfield></datafield><datafield ind1=' ' ind2=' ' tag='020'><subfield code='a'>1430225262</subfield></datafield><datafield ind1=' ' ind2=' ' tag='020'><subfield code='z'>9781430225256 (pbk.)</subfield></datafield><datafield ind1=' ' ind2=' ' tag='020'><subfield code='z'>1430225254 (pbk.)</subfield></datafield><datafield ind1='7' ind2=' ' tag='024'><subfield code='a'>10.1007/978-1-4302-2526-3</subfield><subfield code='2'>doi</subfield></datafield><datafield ind1=' ' ind2=' ' tag='035'><subfield code='a'>(PPT)b49761894-01tuli_inst</subfield></datafield><datafield ind1=' ' ind2=' ' tag='035'><subfield code='a'>(OCoLC)663098043</subfield><subfield code='z'>(OCoLC)610588676</subfield><subfield code='z'>(OCoLC)649904887</subfield><subfield code='z'>(OCoLC)654807300</subfield><subfield code='z'>(OCoLC)659563390</subfield><subfield code='z'>(OCoLC)771374957</subfield><subfield code='z'>(OCoLC)776981874</subfield><subfield code='z'>(OCoLC)827758678</subfield></datafield><datafield ind1=' ' ind2=' ' tag='037'><subfield code='a'>978-1-4302-2525-6</subfield><subfield code='b'>Springer</subfield><subfield code='n'>http://www.springerlink.com</subfield></datafield><datafield ind1=' ' ind2=' ' tag='040'><subfield code='a'>GW5XE</subfield><subfield code='b'>eng</subfield><subfield code='e'>pn</subfield><subfield code='c'>GW5XE</subfield><subfield code='d'>EBLCP</subfield><subfield code='d'>CDX</subfield><subfield code='d'>OCLCQ</subfield><subfield code='d'>YDXCP</subfield><subfield code='d'>CUS</subfield><subfield code='d'>COO</subfield><subfield code='d'>UMI</subfield><subfield code='d'>N$T</subfield><subfield code='d'>CEF</subfield><subfield code='d'>E7B</subfield><subfield code='d'>GZM</subfield><subfield code='d'>KSU</subfield><subfield code='d'>B24X7</subfield><subfield code='d'>DEBSZ</subfield><subfield code='d'>OCLCO</subfield><subfield code='d'>OCLCQ</subfield><subfield code='d'>OCLCF</subfield><subfield code='d'>OCLCQ</subfield><subfield code='d'>BEDGE</subfield><subfield code='d'>OCLCO</subfield><subfield code='d'>OCLCQ</subfield><subfield code='d'>OCLCO</subfield><subfield code='d'>W2U</subfield></datafield><datafield ind1=' ' ind2=' ' tag='049'><subfield code='a'>TEUU</subfield></datafield><datafield ind1=' ' ind2='7' tag='072'><subfield code='a'>COM</subfield><subfield code='x'>051310</subfield><subfield code='2'>bisacsh</subfield></datafield><datafield ind1=' ' ind2='7' tag='072'><subfield code='a'>COM</subfield><subfield code='x'>051280</subfield><subfield code='2'>bisacsh</subfield></datafield><datafield ind1=' ' ind2='7' tag='072'><subfield code='a'>COM</subfield><subfield code='x'>051130</subfield><subfield code='2'>bisacsh</subfield></datafield><datafield ind1=' ' ind2=' ' tag='090'><subfield code='a'>QA76.73.C154</subfield><subfield code='b'>J77 2010</subfield></datafield><datafield ind1='1' ind2=' ' tag='100'><subfield code='a'>Jones, Allen.</subfield></datafield><datafield ind1='1' ind2='0' tag='245'><subfield code='a'>Visual C♯ 2010 recipes</subfield><subfield code='h'>[electronic resource] :</subfield><subfield code='b'>a problem-solution approach /</subfield><subfield code='c'>Allen Jones and Adam Freeman.</subfield></datafield><datafield ind1='3' ind2=' ' tag='246'><subfield code='a'>Visual C sharp 2010 recipes</subfield></datafield><datafield ind1=' ' ind2=' ' tag='260'><subfield code='a'>[New York] :</subfield><subfield code='b'>Apress,</subfield><subfield code='c'>©2010.</subfield></datafield><datafield ind1=' ' ind2=' ' tag='300'><subfield code='a'>1 online resource (xxiii, 987 pages) :</subfield><subfield code='b'>illustrations.</subfield></datafield><datafield ind1=' ' ind2=' ' tag='336'><subfield code='a'>text</subfield><subfield code='b'>txt</subfield><subfield code='2'>rdacontent</subfield></datafield><datafield ind1=' ' ind2=' ' tag='337'><subfield code='a'>computer</subfield><subfield code='b'>c</subfield><subfield code='2'>rdamedia</subfield></datafield><datafield ind1=' ' ind2=' ' tag='338'><subfield code='a'>online resource</subfield><subfield code='b'>cr</subfield><subfield code='2'>rdacarrier</subfield></datafield><datafield ind1='1' ind2=' ' tag='490'><subfield code='a'>The expert&apos;s voice in C♯</subfield></datafield><datafield ind1=' ' ind2=' ' tag='500'><subfield code='a'>Includes index.</subfield></datafield><datafield ind1=' ' ind2=' ' tag='500'><subfield code='a'>&quot;Quick answers and ready-to-use code to get you more productive in C♯ 2010 development&quot;--Cover.</subfield></datafield><datafield ind1='0' ind2=' ' tag='588'><subfield code='a'>Print version record.</subfield></datafield><datafield ind1=' ' ind2=' ' tag='520'><subfield code='a'>&quot;When you are facing a Visual C♯ 2010 problem, this book likely contains a recipe that provides you with the solution-or at least points you in the right direction. Even if you are simply looking to broaden your knowledge of the .NET Framework class library, then Visual C♯ 2010 Recipes is the perfect resource to assist you&quot;--Resource description page.</subfield></datafield><datafield ind1=' ' ind2=' ' tag='504'><subfield code='a'>Includes index.</subfield></datafield><datafield ind1=' ' ind2=' ' tag='590'><subfield code='a'>Access is available to the Temple Community through use of a networked computer with a Temple IP address.</subfield></datafield><datafield ind1=' ' ind2='0' tag='650'><subfield code='a'>C# (Computer program language)</subfield></datafield><datafield ind1=' ' ind2='0' tag='650'><subfield code='a'>Visual programming (Computer science)</subfield></datafield><datafield ind1=' ' ind2='4' tag='650'><subfield code='a'>Computer Science</subfield><subfield code='x'>IT.</subfield></datafield><datafield ind1=' ' ind2='4' tag='650'><subfield code='a'>C♯ (Computer program language)</subfield></datafield><datafield ind1=' ' ind2='4' tag='650'><subfield code='a'>Visual programming (Computer science)</subfield></datafield><datafield ind1=' ' ind2='7' tag='650'><subfield code='a'>COMPUTERS</subfield><subfield code='x'>Programming Languages</subfield><subfield code='x'>C♯</subfield><subfield code='2'>bisacsh</subfield></datafield><datafield ind1=' ' ind2='7' tag='650'><subfield code='a'>COMPUTERS</subfield><subfield code='x'>Programming Languages</subfield><subfield code='x'>Java.</subfield><subfield code='2'>bisacsh</subfield></datafield><datafield ind1=' ' ind2='7' tag='650'><subfield code='a'>COMPUTERS</subfield><subfield code='x'>Programming Languages</subfield><subfield code='x'>Pascal.</subfield><subfield code='2'>bisacsh</subfield></datafield><datafield ind1=' ' ind2='7' tag='650'><subfield code='a'>C♯ (Computer program language)</subfield><subfield code='2'>blmlsh</subfield></datafield><datafield ind1=' ' ind2='7' tag='650'><subfield code='a'>Visual programming (Computer science)</subfield><subfield code='2'>blmlsh</subfield></datafield><datafield ind1=' ' ind2='7' tag='650'><subfield code='a'>Informatique.</subfield><subfield code='2'>eclas</subfield></datafield><datafield ind1=' ' ind2='7' tag='650'><subfield code='a'>C♯ (Computer program language)</subfield><subfield code='2'>fast</subfield><subfield code='0'>(OCoLC)fst00843284</subfield></datafield><datafield ind1=' ' ind2='7' tag='650'><subfield code='a'>Visual programming (Computer science)</subfield><subfield code='2'>fast</subfield><subfield code='0'>(OCoLC)fst01168115</subfield></datafield><datafield ind1=' ' ind2='4' tag='655'><subfield code='a'>Electronic books.</subfield></datafield><datafield ind1='1' ind2=' ' tag='700'><subfield code='a'>Freeman, Adam.</subfield></datafield><datafield ind1='2' ind2=' ' tag='710'><subfield code='a'>SpringerLink (Online service)</subfield></datafield><datafield ind1='0' ind2='8' tag='776'><subfield code='i'>Print version:</subfield><subfield code='a'>Jones, Allen.</subfield><subfield code='t'>Visual C♯ 2010 recipes.</subfield><subfield code='d'>[New York] : Apress, ©2010</subfield><subfield code='z'>9781430225256</subfield><subfield code='z'>1430225254</subfield><subfield code='w'>(OCoLC)419873834</subfield></datafield><datafield ind1=' ' ind2='0' tag='830'><subfield code='a'>Expert&apos;s voice in C#.</subfield></datafield><datafield ind1='4' ind2='0' tag='856'><subfield code='z'>Access full text online.</subfield><subfield code='u'>http://libproxy.temple.edu/login?url=http://link.springer.com/10.1007/978-1-4302-2526-3</subfield></datafield><datafield ind1=' ' ind2=' ' tag='907'><subfield code='a'>.b49761894</subfield><subfield code='b'>w    </subfield><subfield code='c'>-</subfield></datafield><datafield ind1=' ' ind2=' ' tag='902'><subfield code='a'>170601</subfield></datafield><datafield ind1=' ' ind2=' ' tag='998'><subfield code='b'>0</subfield><subfield code='c'>110925</subfield><subfield code='d'>m</subfield><subfield code='e'>@</subfield><subfield code='f'>-</subfield><subfield code='g'>0</subfield></datafield><datafield ind1=' ' ind2=' ' tag='902'><subfield code='a'>SpringerLink 2015-09-30</subfield></datafield><datafield ind1=' ' ind2=' ' tag='945'><subfield code='l'>w    </subfield><subfield code='g'>1</subfield></datafield><datafield ind1=' ' ind2=' ' tag='ADM'><subfield code='b'>2017-08-25 07:33:48</subfield><subfield code='e'>b49761894-01tuli_inst</subfield><subfield code='d'>ILS</subfield><subfield code='a'>2017-06-20 07:06:53</subfield><subfield code='c'>false</subfield></datafield><datafield ind1=' ' ind2=' ' tag='PRT'><subfield code='a'>53375107580003811</subfield><subfield code='b'>https://sandbox01-na.alma.exlibrisgroup.com/view/uresolver/01TULI_INST/openurl?u.ignore_date_coverage=true&amp;rft.mms_id=991020866779703811</subfield><subfield code='f'>Access full text online.</subfield><subfield code='9'>Available</subfield><subfield code='d'>MAIN</subfield><subfield code='c'>SpringerLink Ebooks</subfield><subfield code='8'>53375107580003811</subfield></datafield></record>