
<record xmlns='http://www.loc.gov/MARC21/slim'><leader>02227cam a2200409Ia 4500</leader><controlfield tag='005'>20180315145602.0</controlfield><controlfield tag='006'>m        d        </controlfield><controlfield tag='007'>cr cnu---unuuu</controlfield><controlfield tag='008'>050428s2005    maua   gs     001 0 eng d</controlfield><controlfield tag='001'>991021265079703811</controlfield><datafield ind1=' ' ind2=' ' tag='020'><subfield code='a'>1598630369 (electronic bk.)</subfield></datafield><datafield ind1=' ' ind2=' ' tag='035'><subfield code='a'>(PPT)b32068256-01tuli_inst</subfield></datafield><datafield ind1=' ' ind2=' ' tag='035'><subfield code='a'>(OCoLC)ocm59763814 </subfield><subfield code='9'>ExL</subfield></datafield><datafield ind1=' ' ind2=' ' tag='040'><subfield code='a'>N$T</subfield><subfield code='c'>N$T</subfield><subfield code='d'>OCL</subfield></datafield><datafield ind1=' ' ind2=' ' tag='049'><subfield code='a'>GCLA</subfield></datafield><datafield ind1=' ' ind2=' ' tag='090'><subfield code='a'>QA76.73.C15</subfield><subfield code='b'>P46 2005eb</subfield></datafield><datafield ind1='1' ind2=' ' tag='100'><subfield code='a'>Penton, Ron.</subfield></datafield><datafield ind1='1' ind2='0' tag='245'><subfield code='a'>Beginning C# game programming</subfield><subfield code='h'>[electronic resource] /</subfield><subfield code='c'>Ron Penton.</subfield></datafield><datafield ind1='3' ind2=' ' tag='246'><subfield code='a'>Beginning C-Sharp game programming</subfield></datafield><datafield ind1=' ' ind2=' ' tag='260'><subfield code='a'>Boston, Mass. :</subfield><subfield code='b'>Thomson Course Technology,</subfield><subfield code='c'>c2005.</subfield></datafield><datafield ind1=' ' ind2=' ' tag='300'><subfield code='a'>xix, 318 p. :</subfield><subfield code='b'>ill. ;</subfield><subfield code='c'>24 cm. +</subfield><subfield code='e'>1 CD-ROM (4 3/4 in.)</subfield></datafield><datafield ind1=' ' ind2=' ' tag='500'><subfield code='a'>Title from ebook title screen (viewed on Apr. 28, 2005).</subfield></datafield><datafield ind1=' ' ind2=' ' tag='500'><subfield code='a'>Includes index.</subfield></datafield><datafield ind1=' ' ind2=' ' tag='533'><subfield code='a'>Electronic reproduction.</subfield><subfield code='b'>Boulder, Colo. :</subfield><subfield code='c'>NetLibrary,</subfield><subfield code='d'>2005.</subfield><subfield code='n'>Available via World Wide Web.</subfield><subfield code='n'>Access may be limited to NetLibrary affiliated libraries.</subfield><subfield code='n'>Excludes data from the CD-ROM which accompanied the original book.</subfield></datafield><datafield ind1=' ' ind2=' ' tag='536'><subfield code='a'>This netLibrary electronic book is provided through the Access Pennsylvania Database project, a statewide library union catalog funded by the Pennsylvania Legislature and administered by the Pennsylvania Department of Education, Office of Commonwealth Libraries, Bureau of Library Development.</subfield></datafield><datafield ind1=' ' ind2=' ' tag='590'><subfield code='a'>Access is available to the Temple Community through use of a networked computer with a Temple IP address.</subfield></datafield><datafield ind1=' ' ind2='0' tag='650'><subfield code='a'>C♯ (Computer program language)</subfield></datafield><datafield ind1=' ' ind2='0' tag='650'><subfield code='a'>Computer games</subfield><subfield code='x'>Programming.</subfield></datafield><datafield ind1=' ' ind2='0' tag='655'><subfield code='a'>Electronic books.</subfield></datafield><datafield ind1='2' ind2=' ' tag='710'><subfield code='a'>EBSCO Publishing (Firm)</subfield></datafield><datafield ind1='0' ind2=' ' tag='730'><subfield code='a'>EBSCOhost eBook collection.</subfield></datafield><datafield ind1='1' ind2=' ' tag='776'><subfield code='c'>Original</subfield><subfield code='z'>1592005179</subfield><subfield code='w'>(OCoLC)57029884</subfield></datafield><datafield ind1='4' ind2='0' tag='856'><subfield code='3'>Bibliographic record display</subfield><subfield code='u'>http://libproxy.temple.edu/login?url=http://www.netLibrary.com/urlapi.asp?action=summary&amp;v=&amp;bookid=131113</subfield><subfield code='z'>Click here to access this electronic book provided through the Access Pennsylvania Database project.</subfield></datafield><datafield ind1=' ' ind2=' ' tag='902'><subfield code='a'>Authority information changed to reflect Ebsco&apos;s purchase of NetLibrary in 2011; mrtl 2/16/15</subfield></datafield><datafield ind1=' ' ind2=' ' tag='907'><subfield code='a'>.b32068256</subfield><subfield code='b'>w    </subfield><subfield code='c'>-</subfield></datafield><datafield ind1=' ' ind2=' ' tag='945'><subfield code='l'>w    </subfield><subfield code='g'>1</subfield></datafield><datafield ind1=' ' ind2=' ' tag='998'><subfield code='b'>1</subfield><subfield code='c'>070203</subfield><subfield code='d'>m</subfield><subfield code='e'>@</subfield><subfield code='f'>-</subfield><subfield code='g'>0</subfield></datafield><datafield ind1=' ' ind2=' ' tag='ADM'><subfield code='b'>2018-03-15 18:56:02</subfield><subfield code='e'>b32068256-01tuli_inst</subfield><subfield code='d'>ILS</subfield><subfield code='a'>2017-06-20 05:58:48</subfield><subfield code='c'>false</subfield></datafield><datafield ind1=' ' ind2=' ' tag='PRT'><subfield code='a'>53372866510003811</subfield><subfield code='b'>https://sandbox01-na.alma.exlibrisgroup.com/view/uresolver/01TULI_INST/openurl?u.ignore_date_coverage=true&amp;rft.mms_id=991021265079703811</subfield><subfield code='f'>Click here to access this electronic book provided through the Access Pennsylvania Database project.</subfield><subfield code='9'>Available</subfield><subfield code='d'>MAIN</subfield><subfield code='c'>NetLibrary</subfield><subfield code='8'>53372866510003811</subfield></datafield></record>