
<record xmlns='http://www.loc.gov/MARC21/slim'><leader>03574cam a2200565Ia 4500</leader><controlfield tag='005'>20150320070531.6</controlfield><controlfield tag='006'>m     o  d        </controlfield><controlfield tag='007'>cr cn|||||||||</controlfield><controlfield tag='008'>100909s2010    nyua    o     001 0 eng d</controlfield><controlfield tag='001'>991020864069703811</controlfield><datafield ind1=' ' ind2=' ' tag='020'><subfield code='a'>9781430272045</subfield></datafield><datafield ind1=' ' ind2=' ' tag='020'><subfield code='a'>143027204X</subfield></datafield><datafield ind1=' ' ind2=' ' tag='035'><subfield code='a'>(PPT)b49761353-01tuli_inst</subfield></datafield><datafield ind1=' ' ind2=' ' tag='035'><subfield code='a'>(OCoLC)663097586</subfield></datafield><datafield ind1=' ' ind2=' ' tag='037'><subfield code='a'>978-1-4302-7205-2</subfield><subfield code='b'>Springer</subfield><subfield code='n'>http://www.springerlink.com</subfield></datafield><datafield ind1=' ' ind2=' ' tag='040'><subfield code='a'>GW5XE</subfield><subfield code='b'>eng</subfield><subfield code='e'>pn</subfield><subfield code='c'>GW5XE</subfield><subfield code='d'>EBLCP</subfield><subfield code='d'>OCLCQ</subfield><subfield code='d'>MHW</subfield><subfield code='d'>OCLCQ</subfield><subfield code='d'>DEBSZ</subfield><subfield code='d'>OCLCF</subfield><subfield code='d'>BEDGE</subfield><subfield code='d'>OCLCA</subfield><subfield code='d'>IAD</subfield><subfield code='d'>OCLCQ</subfield><subfield code='d'>OCLCO</subfield></datafield><datafield ind1=' ' ind2=' ' tag='049'><subfield code='a'>TEUU</subfield></datafield><datafield ind1=' ' ind2=' ' tag='090'><subfield code='a'>QA76.76.A65</subfield></datafield><datafield ind1='1' ind2=' ' tag='100'><subfield code='a'>MacDonald, Matthew.</subfield></datafield><datafield ind1='1' ind2='0' tag='245'><subfield code='a'>Pro WPF in C♯ 2010</subfield><subfield code='h'>[electronic resource] :</subfield><subfield code='b'>Windows presentation foundation in .NET 4 /</subfield><subfield code='c'>Matthew MacDonald.</subfield></datafield><datafield ind1='3' ind2=' ' tag='246'><subfield code='a'>Pro WPF in C sharp twenty ten</subfield></datafield><datafield ind1=' ' ind2=' ' tag='260'><subfield code='a'>New York, N.Y. :</subfield><subfield code='b'>Apress :</subfield><subfield code='b'>Distributed to the Book trade worldwide by Springer-Verlag,</subfield><subfield code='c'>©2010.</subfield></datafield><datafield ind1=' ' ind2=' ' tag='300'><subfield code='a'>1 online resource (xxxiii, 1181 pages) :</subfield><subfield code='b'>illustrations.</subfield></datafield><datafield ind1=' ' ind2=' ' tag='336'><subfield code='a'>text</subfield><subfield code='b'>txt</subfield><subfield code='2'>rdacontent</subfield></datafield><datafield ind1=' ' ind2=' ' tag='337'><subfield code='a'>computer</subfield><subfield code='b'>c</subfield><subfield code='2'>rdamedia</subfield></datafield><datafield ind1=' ' ind2=' ' tag='338'><subfield code='a'>online resource</subfield><subfield code='b'>cr</subfield><subfield code='2'>rdacarrier</subfield></datafield><datafield ind1='1' ind2=' ' tag='490'><subfield code='a'>The expert&apos;s voice in .NET</subfield></datafield><datafield ind1=' ' ind2=' ' tag='500'><subfield code='a'>Includes index.</subfield></datafield><datafield ind1='0' ind2=' ' tag='505'><subfield code='a'>Title Page; Copyright Page; Table of Contents; About the Author; About the Technical Reviewer; Acknowledgments; Introduction; CHAPTER 1 Introducing WPF; CHAPTER 2 XAML; CHAPTER 3 Layout; CHAPTER 4 Dependency Properties; CHAPTER 5 Routed Events; CHAPTER 6 Controls; CHAPTER 7 The Application; CHAPTER 8 Element Binding; CHAPTER 9 Commands; CHAPTER 10 Resources; CHAPTER 11 Styles and Behaviors; CHAPTER 12 Shapes, Brushes, and Transforms; CHAPTER 13 Geometries and Drawings; CHAPTER 14 Effects and Visuals; CHAPTER 15 Animation Basics; CHAPTER 16 Advanced Animation; CHAPTER 17 Control Templates.</subfield></datafield><datafield ind1=' ' ind2=' ' tag='520'><subfield code='a'>Microsoft&apos;s Windows Presentation Foundation (WPF) provides the foundation for building applications and high-quality user experiences for the Windows operating system. It blends the application user interface, documents, and media content, while exploiting the full power of your computer&apos;s operating system. Its functionality extends to the support for Tablet PCs and other forms of input device, and it provides a more modern imaging and printing pipeline, accessibility and UI automation infrastructure, data-driven UIs and visualization, and integration points for weaving the application experie.</subfield></datafield><datafield ind1='0' ind2=' ' tag='588'><subfield code='a'>Print version record.</subfield></datafield><datafield ind1=' ' ind2=' ' tag='590'><subfield code='a'>Access is available to the Temple Community through use of a networked computer with a Temple IP address.</subfield></datafield><datafield ind1='0' ind2='0' tag='630'><subfield code='a'>Windows presentation foundation.</subfield></datafield><datafield ind1='0' ind2='7' tag='630'><subfield code='a'>Windows presentation foundation.</subfield><subfield code='2'>fast</subfield><subfield code='0'>(OCoLC)fst01796043</subfield></datafield><datafield ind1=' ' ind2='0' tag='650'><subfield code='a'>Microsoft .NET Framework.</subfield></datafield><datafield ind1=' ' ind2='0' tag='650'><subfield code='a'>C# (Computer program language)</subfield></datafield><datafield ind1=' ' ind2='4' tag='650'><subfield code='a'>Computer Science</subfield><subfield code='x'>IT.</subfield></datafield><datafield ind1=' ' ind2='7' tag='650'><subfield code='a'>Informatique.</subfield><subfield code='2'>eclas</subfield></datafield><datafield ind1=' ' ind2='7' tag='650'><subfield code='a'>C♯ (Computer program language)</subfield><subfield code='2'>fast</subfield><subfield code='0'>(OCoLC)fst00843284</subfield></datafield><datafield ind1=' ' ind2='7' tag='650'><subfield code='a'>Microsoft .NET Framework.</subfield><subfield code='2'>fast</subfield><subfield code='0'>(OCoLC)fst01020083</subfield></datafield><datafield ind1=' ' ind2='4' tag='655'><subfield code='a'>Electronic books.</subfield></datafield><datafield ind1='2' ind2=' ' tag='710'><subfield code='a'>SpringerLink (Online service)</subfield></datafield><datafield ind1='0' ind2='8' tag='776'><subfield code='i'>Print version:</subfield><subfield code='a'>MacDonald, Matthew.</subfield><subfield code='t'>Pro WPF in C♯ 2010.</subfield><subfield code='d'>New York, N.Y. : Apress : Distributed to the Book trade worldwide by Springer-Verlag, ©2010</subfield><subfield code='z'>9781430272052</subfield><subfield code='z'>1430272058</subfield><subfield code='w'>(OCoLC)428030902</subfield></datafield><datafield ind1=' ' ind2='0' tag='830'><subfield code='a'>Expert&apos;s voice in .NET.</subfield></datafield><datafield ind1='4' ind2='0' tag='856'><subfield code='z'>Access full text online.</subfield><subfield code='u'>http://libproxy.temple.edu/login?url=http://link.springer.com/10.1007/978-1-4302-7204-5</subfield></datafield><datafield ind1=' ' ind2=' ' tag='907'><subfield code='a'>.b49761353</subfield><subfield code='b'>w    </subfield><subfield code='c'>-</subfield></datafield><datafield ind1=' ' ind2=' ' tag='902'><subfield code='a'>170601</subfield></datafield><datafield ind1=' ' ind2=' ' tag='998'><subfield code='b'>0</subfield><subfield code='c'>110925</subfield><subfield code='d'>m</subfield><subfield code='e'>@</subfield><subfield code='f'>-</subfield><subfield code='g'>0</subfield></datafield><datafield ind1=' ' ind2=' ' tag='902'><subfield code='a'>SpringerLink 2015-09-30</subfield></datafield><datafield ind1=' ' ind2=' ' tag='945'><subfield code='l'>w    </subfield><subfield code='g'>1</subfield></datafield><datafield ind1=' ' ind2=' ' tag='ADM'><subfield code='e'>b49761353-01tuli_inst</subfield><subfield code='d'>ILS</subfield><subfield code='a'>2017-06-20 07:06:51</subfield><subfield code='c'>false</subfield></datafield><datafield ind1=' ' ind2=' ' tag='PRT'><subfield code='a'>53374875980003811</subfield><subfield code='b'>https://sandbox01-na.alma.exlibrisgroup.com/view/uresolver/01TULI_INST/openurl?u.ignore_date_coverage=true&amp;rft.mms_id=991020864069703811</subfield><subfield code='f'>Access full text online.</subfield><subfield code='9'>Available</subfield><subfield code='d'>MAIN</subfield><subfield code='c'>SpringerLink Ebooks</subfield><subfield code='8'>53374875980003811</subfield></datafield></record>