
<record xmlns='http://www.loc.gov/MARC21/slim'><leader>01326nam a2200373 a 4500</leader><controlfield tag='005'>20180315212739.0</controlfield><controlfield tag='007'>co cgu||||||||</controlfield><controlfield tag='008'>020805s2002    enka          001 0 eng  </controlfield><controlfield tag='001'>991029961439703811</controlfield><datafield ind1=' ' ind2=' ' tag='020'><subfield code='a'>0782140475 (pbk.) :</subfield><subfield code='c'>£45.99</subfield></datafield><datafield ind1=' ' ind2=' ' tag='035'><subfield code='a'>(PPT)b25341042-01tuli_inst</subfield></datafield><datafield ind1=' ' ind2=' ' tag='035'><subfield code='a'>(CStRLIN)ocn489153590</subfield><subfield code='9'>ExL</subfield></datafield><datafield ind1=' ' ind2=' ' tag='035'><subfield code='a'>PPTb25341042</subfield></datafield><datafield ind1=' ' ind2=' ' tag='035'><subfield code='a'>ocm49552864</subfield></datafield><datafield ind1=' ' ind2=' ' tag='035'><subfield code='a'>(OCLC)ocm49552864</subfield></datafield><datafield ind1=' ' ind2=' ' tag='040'><subfield code='a'>BDS</subfield><subfield code='c'>BDS</subfield><subfield code='d'>Uk</subfield><subfield code='d'>PPT</subfield></datafield><datafield ind1=' ' ind2=' ' tag='079'><subfield code='a'>ocm49552864</subfield></datafield><datafield ind1=' ' ind2=' ' tag='090'><subfield code='a'>QA76.625</subfield><subfield code='b'>.M845x 2002</subfield></datafield><datafield ind1='1' ind2=' ' tag='100'><subfield code='a'>Mueller, John,</subfield><subfield code='d'>1958-</subfield></datafield><datafield ind1='1' ind2='0' tag='245'><subfield code='a'>Visual C# .NET developer&apos;s handbook /</subfield><subfield code='c'>John Paul Mueller.</subfield></datafield><datafield ind1='3' ind2=' ' tag='246'><subfield code='a'>Visual C sharp .NET developer&apos;s handbook</subfield></datafield><datafield ind1=' ' ind2=' ' tag='260'><subfield code='a'>San Francisco, Calif. :</subfield><subfield code='b'>SYBEX,</subfield><subfield code='c'>c2002.</subfield></datafield><datafield ind1=' ' ind2=' ' tag='300'><subfield code='a'>xxvi, 641 p. :</subfield><subfield code='b'>ill. ;</subfield><subfield code='c'>23 cm. +</subfield><subfield code='e'>1 computer optical disc (4 3/4 in.)</subfield></datafield><datafield ind1=' ' ind2=' ' tag='500'><subfield code='a'>Includes index.</subfield></datafield><datafield ind1=' ' ind2=' ' tag='500'><subfield code='a'>&quot;Transcend technique&quot;--Cover.</subfield></datafield><datafield ind1=' ' ind2=' ' tag='520'><subfield code='a'>CD-ROM contains: Example code from text -- Collection of utilities for C# developers.</subfield></datafield><datafield ind1=' ' ind2=' ' tag='538'><subfield code='a'>System requirements for accompanying computer disc: Windows 98/NT/2000/XP.</subfield></datafield><datafield ind1=' ' ind2='0' tag='650'><subfield code='a'>C♯ (Computer program language)</subfield></datafield><datafield ind1=' ' ind2='0' tag='650'><subfield code='a'>Internet programming.</subfield></datafield><datafield ind1=' ' ind2=' ' tag='907'><subfield code='a'>.b25341042</subfield><subfield code='b'>p    </subfield><subfield code='c'>-</subfield></datafield><datafield ind1=' ' ind2=' ' tag='945'><subfield code='l'>pstk </subfield><subfield code='g'>1</subfield></datafield><datafield ind1=' ' ind2=' ' tag='979'><subfield code='a'>ocm49552864</subfield></datafield><datafield ind1=' ' ind2=' ' tag='998'><subfield code='b'>2</subfield><subfield code='c'>021001</subfield><subfield code='d'>m</subfield><subfield code='e'>a</subfield><subfield code='f'>-</subfield><subfield code='g'>0</subfield></datafield><datafield ind1=' ' ind2=' ' tag='998'><subfield code='a'>10/01/02</subfield><subfield code='s'>RLIN</subfield><subfield code='c'>MRT</subfield></datafield><datafield ind1=' ' ind2=' ' tag='ADM'><subfield code='b'>2018-06-20 03:12:51</subfield><subfield code='e'>b25341042-01tuli_inst</subfield><subfield code='d'>ILS</subfield><subfield code='a'>2017-06-20 08:26:36</subfield><subfield code='c'>false</subfield></datafield><datafield ind1='0' ind2=' ' tag='HLD'><subfield code='b'>MAIN</subfield><subfield code='c'>stacks</subfield><subfield code='h'>QA76.625</subfield><subfield code='i'>.M845x 2002</subfield><subfield code='8'>22282067000003811</subfield></datafield><datafield ind1=' ' ind2=' ' tag='ITM'><subfield code='r'>22282067000003811</subfield><subfield code='b'>1</subfield><subfield code='h'>0</subfield><subfield code='g'>stacks</subfield><subfield code='t'>ELEC</subfield><subfield code='9'>39074015289846</subfield><subfield code='e'>stacks</subfield><subfield code='8'>23282066990003811</subfield><subfield code='a'>0</subfield><subfield code='q'>2017-06-20 08:26:36</subfield><subfield code='i'>QA76.625 .M845x 2002</subfield><subfield code='d'>MAIN</subfield><subfield code='f'>MAIN</subfield></datafield></record>