
<record xmlns='http://www.loc.gov/MARC21/slim'><leader>01034nam a2200337 a 4500</leader><controlfield tag='005'>20180315215057.0</controlfield><controlfield tag='008'>030114s2003    caua          001 0 eng  </controlfield><controlfield tag='001'>991034737749703811</controlfield><datafield ind1=' ' ind2=' ' tag='020'><subfield code='a'>0782141838</subfield></datafield><datafield ind1=' ' ind2=' ' tag='035'><subfield code='a'>(PPT)b26465942-01tuli_inst</subfield></datafield><datafield ind1=' ' ind2=' ' tag='035'><subfield code='a'>(CStRLIN)ocn489485849</subfield><subfield code='9'>ExL</subfield></datafield><datafield ind1=' ' ind2=' ' tag='035'><subfield code='a'>PPTb26465942</subfield></datafield><datafield ind1=' ' ind2=' ' tag='035'><subfield code='a'>ocm51667861</subfield></datafield><datafield ind1=' ' ind2=' ' tag='035'><subfield code='a'>(OCLC)ocm51667861</subfield></datafield><datafield ind1=' ' ind2=' ' tag='040'><subfield code='a'>UKM</subfield><subfield code='c'>UKM</subfield><subfield code='d'>EYM</subfield><subfield code='d'>PPT</subfield></datafield><datafield ind1=' ' ind2=' ' tag='079'><subfield code='a'>ocm51667861</subfield></datafield><datafield ind1=' ' ind2=' ' tag='090'><subfield code='a'>QA76.9.D26</subfield><subfield code='b'>P753x 2003</subfield></datafield><datafield ind1='1' ind2=' ' tag='100'><subfield code='a'>Price, Jason.</subfield></datafield><datafield ind1='1' ind2='0' tag='245'><subfield code='a'>Mastering C# database programming /</subfield><subfield code='c'>Jason Price.</subfield></datafield><datafield ind1='3' ind2='0' tag='246'><subfield code='a'>C# database programming</subfield></datafield><datafield ind1='3' ind2=' ' tag='246'><subfield code='a'>Mastering C-Sharp database programming</subfield></datafield><datafield ind1='3' ind2=' ' tag='246'><subfield code='a'>C-Sharp database programming</subfield></datafield><datafield ind1=' ' ind2=' ' tag='260'><subfield code='a'>San Francisco, Calif. :</subfield><subfield code='a'>London :</subfield><subfield code='b'>SYBEX,</subfield><subfield code='c'>2003.</subfield></datafield><datafield ind1=' ' ind2=' ' tag='300'><subfield code='a'>xx, 665 p. :</subfield><subfield code='b'>ill. ;</subfield><subfield code='c'>23 cm.</subfield></datafield><datafield ind1=' ' ind2='0' tag='650'><subfield code='a'>C♯ (Computer program language)</subfield></datafield><datafield ind1=' ' ind2='0' tag='650'><subfield code='a'>Databases.</subfield></datafield><datafield ind1=' ' ind2=' ' tag='907'><subfield code='a'>.b26465942</subfield><subfield code='b'>p    </subfield><subfield code='c'>-</subfield></datafield><datafield ind1=' ' ind2=' ' tag='945'><subfield code='l'>pstk </subfield><subfield code='g'>1</subfield></datafield><datafield ind1=' ' ind2=' ' tag='979'><subfield code='a'>ocm51667861</subfield></datafield><datafield ind1=' ' ind2=' ' tag='998'><subfield code='b'>2</subfield><subfield code='c'>030808</subfield><subfield code='d'>m</subfield><subfield code='e'>a</subfield><subfield code='f'>-</subfield><subfield code='g'>0</subfield></datafield><datafield ind1=' ' ind2=' ' tag='998'><subfield code='a'>8/08/03</subfield><subfield code='s'>RLIN</subfield><subfield code='c'>MW</subfield></datafield><datafield ind1=' ' ind2=' ' tag='ADM'><subfield code='b'>2018-06-20 04:23:52</subfield><subfield code='e'>b26465942-01tuli_inst</subfield><subfield code='d'>ILS</subfield><subfield code='a'>2017-06-20 06:24:44</subfield><subfield code='c'>false</subfield></datafield><datafield ind1='0' ind2=' ' tag='HLD'><subfield code='b'>MAIN</subfield><subfield code='c'>stacks</subfield><subfield code='h'>QA76.9.D26</subfield><subfield code='i'>P753x 2003</subfield><subfield code='8'>22247202550003811</subfield></datafield><datafield ind1=' ' ind2=' ' tag='ITM'><subfield code='r'>22247202550003811</subfield><subfield code='b'>1</subfield><subfield code='h'>0</subfield><subfield code='g'>stacks</subfield><subfield code='t'>BOOK</subfield><subfield code='9'>39074016145674</subfield><subfield code='e'>stacks</subfield><subfield code='8'>23247202540003811</subfield><subfield code='a'>0</subfield><subfield code='q'>2017-06-20 06:24:44</subfield><subfield code='i'>QA76.9.D26 P753x 2003</subfield><subfield code='d'>MAIN</subfield><subfield code='f'>MAIN</subfield></datafield></record>