
<record xmlns='http://www.loc.gov/MARC21/slim'><leader>01270nam a2200409 a 4500</leader><controlfield tag='005'>20180315121211.0</controlfield><controlfield tag='008'>110215s2010    inua          001 0 eng  </controlfield><controlfield tag='001'>991007304519703811</controlfield><datafield ind1=' ' ind2=' ' tag='010'><subfield code='a'>2010920663</subfield></datafield><datafield ind1=' ' ind2=' ' tag='020'><subfield code='a'>9780470502266 (pbk.)</subfield></datafield><datafield ind1=' ' ind2=' ' tag='020'><subfield code='a'>0470502266 (pbk.)</subfield></datafield><datafield ind1=' ' ind2=' ' tag='035'><subfield code='a'>(PPT)b45312655-01tuli_inst</subfield></datafield><datafield ind1=' ' ind2=' ' tag='035'><subfield code='a'>(OCoLC)701833557</subfield></datafield><datafield ind1=' ' ind2=' ' tag='035'><subfield code='a'>ocn495598813</subfield></datafield><datafield ind1=' ' ind2=' ' tag='035'><subfield code='a'>(OCLC)ocn495598813</subfield></datafield><datafield ind1=' ' ind2=' ' tag='040'><subfield code='a'>DLC</subfield><subfield code='c'>TULAW</subfield><subfield code='d'>UKM</subfield><subfield code='d'>C#P</subfield><subfield code='d'>BWX</subfield><subfield code='d'>NRC</subfield><subfield code='d'>YDXCP</subfield><subfield code='d'>BTCTA</subfield><subfield code='d'>CDX</subfield></datafield><datafield ind1=' ' ind2=' ' tag='042'><subfield code='a'>pcc</subfield></datafield><datafield ind1=' ' ind2=' ' tag='049'><subfield code='a'>TULA</subfield></datafield><datafield ind1=' ' ind2=' ' tag='079'><subfield code='a'>ocn495598813</subfield></datafield><datafield ind1=' ' ind2=' ' tag='090'><subfield code='a'>QA76.73.C154</subfield><subfield code='b'>B484 2010</subfield></datafield><datafield ind1='0' ind2='0' tag='245'><subfield code='a'>Beginning Visual C# 2010 /</subfield><subfield code='c'>Karli Watson ... [et al.].</subfield></datafield><datafield ind1='3' ind2='0' tag='246'><subfield code='a'>Visual C# 2010</subfield></datafield><datafield ind1='3' ind2='0' tag='246'><subfield code='a'>Beginning Visual C sharp 2010</subfield></datafield><datafield ind1=' ' ind2=' ' tag='260'><subfield code='a'>Indianapolis, IN :</subfield><subfield code='b'>Wiley Pub., Inc.,</subfield><subfield code='c'>c2010.</subfield></datafield><datafield ind1=' ' ind2=' ' tag='300'><subfield code='a'>xxxix, 1037 p. :</subfield><subfield code='b'>ill. ;</subfield><subfield code='c'>24 cm.</subfield></datafield><datafield ind1='1' ind2=' ' tag='490'><subfield code='a'>Wrox beginning guides</subfield></datafield><datafield ind1=' ' ind2=' ' tag='500'><subfield code='a'>Wrox programmer to programmer&quot;--Cover.</subfield></datafield><datafield ind1=' ' ind2=' ' tag='500'><subfield code='a'>Includes index.</subfield></datafield><datafield ind1=' ' ind2='0' tag='650'><subfield code='a'>C♯ (Computer program language)</subfield></datafield><datafield ind1=' ' ind2='0' tag='650'><subfield code='a'>Microsoft .NET Framework.</subfield></datafield><datafield ind1='1' ind2=' ' tag='700'><subfield code='a'>Watson, Karli.</subfield></datafield><datafield ind1=' ' ind2='0' tag='830'><subfield code='a'>Wrox beginning guides.</subfield></datafield><datafield ind1=' ' ind2=' ' tag='907'><subfield code='a'>.b45312655</subfield><subfield code='b'>l    </subfield><subfield code='c'>-</subfield></datafield><datafield ind1=' ' ind2=' ' tag='945'><subfield code='l'>lstk </subfield><subfield code='g'>1</subfield></datafield><datafield ind1=' ' ind2=' ' tag='979'><subfield code='a'>ocn495598813</subfield></datafield><datafield ind1=' ' ind2=' ' tag='998'><subfield code='b'>1</subfield><subfield code='c'>110215</subfield><subfield code='d'>m</subfield><subfield code='e'>a</subfield><subfield code='f'>-</subfield><subfield code='g'>0</subfield></datafield><datafield ind1=' ' ind2=' ' tag='998'><subfield code='b'>1</subfield><subfield code='c'>110215</subfield><subfield code='d'>m</subfield><subfield code='e'>a</subfield><subfield code='f'>-</subfield><subfield code='g'>0</subfield></datafield><datafield ind1=' ' ind2=' ' tag='ADM'><subfield code='b'>2018-06-18 19:47:25</subfield><subfield code='e'>b45312655-01tuli_inst</subfield><subfield code='d'>ILS</subfield><subfield code='a'>2017-06-20 13:45:20</subfield><subfield code='c'>false</subfield></datafield><datafield ind1='0' ind2=' ' tag='HLD'><subfield code='b'>LAW</subfield><subfield code='c'>closestack</subfield><subfield code='h'>QA76.73.C154</subfield><subfield code='i'>B484 2010</subfield><subfield code='8'>22327013320003811</subfield></datafield><datafield ind1=' ' ind2=' ' tag='ITM'><subfield code='r'>22327013320003811</subfield><subfield code='b'>0</subfield><subfield code='u'>LOAN</subfield><subfield code='h'>0</subfield><subfield code='g'>closestack</subfield><subfield code='t'>BOOK</subfield><subfield code='9'>39074804609956</subfield><subfield code='e'>closestack</subfield><subfield code='8'>23327013310003811</subfield><subfield code='a'>0</subfield><subfield code='q'>2017-06-20 13:45:20</subfield><subfield code='i'>QA76.73.C154 B484 2010</subfield><subfield code='d'>LAW</subfield><subfield code='f'>LAW</subfield></datafield></record>
</collection>
